4059 6317
823 524 913 591 IN
951 525 1248 595 lelLlA
1287 515 1793 591 NA'rlvl'rA‘rls
1834 519 2143 601 nomm,
2188 521 2455 591 SERMO
2497 520 2603 590 IV.
3233 527 3315 595 43

162 657 519 740 Augmtinns
538 661 595 723 ¹:
624 681 661 721 α
683 659 864 727 Nihil
918 662 1010 727 sic
1065 662 1291 744 probat
1346 659 1651 738 amicum,

159 765 640 847 quemdmodum
664 770 887 834 oneris
913 766 1099 834 amici
1125 769 1420 852 portatio.
1439 788 1471 827 ο
1495 766 1655 832 Item

156 872 364 937 divitias
406 876 759 956 grfflarum
816 877 1007 943 nohis
1059 876 1599 942 communicavit·
1632 897 1648 940 ε

154 981 361 1045 Hm
412 985 911 1052 communicavit
943 983 1026 1066 (a)
1076 984 1158 1051 de
1194 984 1397 1051 bonis.
1429 985 1453 1022 ⁸
1498 984 1653 1051 Pro-

148 1092 261 1170 pter
292 1104 404 1156 nos
442 1104 670 1172 σαυππε
704 1091 919 1170 factus
963 1098 1076 1171 est,
1108 1097 1226 1157 etc.
1260 1090 1309 1155 E
1337 1090 1657 1156 contrario

151 1195 343 1259 dicitnr
364 1195 441 1259 de
472 1196 641 1261 malo
660 1198 836 1263 socio
859 1203 884 1241 ⁸
914 1220 930 1263 :
966 1197 1088 1273 Qui
1111 1199 1393 1284 tetiqerit
1419 1200 1651 1281 picem,

148 1302 762 1385 immutabitis-aben,
786 1309 934 1385 ete„
955 1307 1063 1371 ubi
1083 1307 1438 1372 ostenditur
1457 1323 1655 1390 qnam

146 1410 455 1494 periffllosa
502 1413 588 1476 sit
636 1412 809 1478 mala
860 1416 1146 1481 societas.
1201 1416 1539 1481 Psalmista
1577 1421 1600 1457 ὓ
1632 1437 1650 1480 2

148 1519 273 1585 cun
286 1535 576 1601 perverso
598 1524 1003 1602 perverteris.

201 1624 277 1691 De
296 1628 573 1692 secundo
592 1636 619 1671 ⁶
638 1647 657 1691 ε
693 1628 1031 1696 Vobiscum
1047 1645 1192 1697 sum
1207 1631 1500 1698 omnibus
1523 1630 1657 1698 die·

141 1732 233 1799 bus
261 1749 446 1817 nuque
472 1733 570 1801 ad
592 1739 1203 1804 consummationem
1238 1738 1479 1805 soeculi.
1524 1737 1656 1803 Hoc

139 1840 447 1921 figuratam
488 1843 989 1927 est'2Hydu-ta
1025 1846 1262 1926 tarinoe
1312 1861 1444 1914 non
1491 1845 1653 1927 defi*

138 1951 270 2028 etet,
294 1966 487 2034 neque
512 1950 813 2035 mamlius
848 1953 972 2020 olei
1004 1955 1329 2022 minuetur
1356 1971 1554 2038 usque
1579 1958 1656 2023 in

137 2055 315 2135 diem,
349 2075 479 2141 qua
520 2058 811 2126 daturus
856 2064 949 2128 est
995 2062 1311 2128 Dominus
1358 2061 1655 2145 pluviam

136 2179 294 2247 uper
329 2166 564 2246 taciem
600 2172 811 2234 terroe.
854 2167 929 2232 ln
951 2169 1160 2234 farina
1185 2175 1654 2237 sacramentum

136 2268 233 2334 hoc
261 2272 667 2354 significatur
695 2296 714 2338 z
746 2274 979 2340 Farina
1022 2279 1198 2341 enim
1239 2295 1522 2359 granum
1561 2285 1655 2344 est

136 2378 457 2444 nutritum.
486 2379 789 2447 Granum
815 2388 915 2447 est
937 2383 1221 2450 Christus
1240 2394 1265 2432 ⁸
1292 2386 1485 2453 :Nisi
1507 2402 1656 2470 qra-

134 2501 256 2550 naa
277 2487 590 2566 frumenti
611 2536 636 2567 ,
677 2493 801 2555 etc.
832 2489 966 2556 Hoc
995 2509 1279 2573 granum
1303 2493 1489 2557 nobis
1514 2513 1655 2577 pro-

135 2592 283 2657 duxit
318 2599 543 2660 uterus
587 2596 950 2678 virginalis.
1000 2598 1422 2664 Psalmista⁹z
1468 2601 1651 2669 Veri-

136 2708 213 2766 uu
236 2700 309 2766 de
330 2708 501 2769 terra
528 2712 690 2771 orta
714 2709 833 2785 est,
861 2708 978 2770 etc.
1020 2707 1291 2772 Attritus
1318 2713 1531 2774 autem
1558 2714 1656 2774 est

137 2808 189 2870 in
207 2807 583 2874 molacmcie
606 2811 697 2876 ¹⁰:
728 2815 1007 2880 Attrittoe
1028 2821 1119 2882 est
1134 2821 1400 2899 propter
1423 2817 1656 2884 scelera

136 2922 331 2982 metra.
376 2917 449 2982 ln
489 2918 651 2983 oleo
688 2918 903 3000 gratia
935 2919 1135 3004 hujus
1160 2926 1537 2989 sacramenti
1563 2926 1652 2989 si-

134 3023 469 3100 gnificatur:
498 3024 690 3090 nude
717 3026 881 3091 hene
904 3043 1141 3094 manna
1167 3029 1390 3095 habuit
1405 3032 1447 3069 ¹¹
1472 3047 1655 3115 sapo-

132 3144 235 3196 rem
266 3135 450 3215 quasi
490 3134 713 3217 panis
747 3133 964 3202 oleati.
1014 3134 1165 3201 Haec
1207 3142 1421 3203 autem
1449 3140 1656 3206 farina

132 3251 233 3300 non
253 3238 527 3321 deficiet,
561 3241 735 3325 quia
767 3241 893 3306 hoc
927 3250 1398 3309 sacramentum
1436 3247 1649 3312 nobis-

131 3361 249 3408 eum
293 3351 385 3411 est
420 3363 635 3432 usque
676 3350 759 3415 in
804 3347 976 3415 diem
1022 3350 1306 3432 pluvia,
1359 3360 1416 3420 et
1458 3370 1655 3438 usque

130 3452 203 3516 ad
231 3458 846 3524 commotionem
879 3457 1121 3524 soeculi.
1161 3458 1390 3526 Pluvia
1415 3466 1654 3527 terram

127 3563 454 3640 &minare
494 3564 656 3627 tacit
692 3562 956 3646 :pluvia
982 3582 1143 3646 ergo
1188 3571 1283 3631 est
1324 3568 1655 3637 influentia

128 3666 361 3733 cahem
396 3671 701 3749 virtuti-e,
747 3670 983 3735 faciens
1025 3672 1270 3738 semina
1310 3693 1654 3759 corporum

130 3780 495 3842 mortuorum
565 3775 903 3861 pullulare
959 3797 1073 3861 per
1124 3785 1654 3850 resurrectionem

126 3879 189 3945 dn
206 3885 383 3949 toera.
408 3884 528 3952 Vel
545 3883 753 3948 stillae
776 3883 1013 3968 pluviae
1031 3891 1180 3952 sunt
1207 3887 1443 3955 animae
1470 3891 1660 3957 innu-

128 3990 427 4056 noeahiles
451 3992 541 4057 ad
570 3990 852 4056 modum
872 3991 1105 4075 pluviae
1123 3994 1202 4058 de
1225 3993 1389 4061 coelo
1407 3997 1487 4063 ad
1515 4015 1654 4064 cor-

126 4112 377 4178 por-esna
402 4117 524 4183 per
551 4098 894 4180 originem
931 4099 1379 4169 doecendentes
1407 4106 1491 4168 ¹⁸:
1521 4107 1659 4174 Da-

125 4200 268 4271 tine
285 4206 516 4288 pluvia
541 4206 796 4274 mini
818 4211 950 4273 tuo.
969 4207 1056 4272 De
1080 4225 1213 4292 quo
1237 4212 1480 4277 semine
1502 4212 1656 4278 dici-

124 4312 211 4374 tm·
231 4319 277 4356 ²⁸
305 4336 320 4379 :
348 4315 740 4381 Seminane
763 4328 994 4397 corpus
1037 4315 1354 4397 animale,
1380 4322 1501 4384 etc.
1531 4319 1661 4402 Igi-

126 4419 212 4481 tur
250 4420 301 4484 si
348 4421 671 4487 Dominus
718 4424 934 4484 tecum
970 4421 1058 4486 sit
1097 4426 1656 4508 sacramentaliter,

124 4527 307 4592 tumen
345 4529 541 4593 valde
581 4526 972 4591 miserabilis
995 4545 1084 4609 es,
1117 4530 1173 4593 si
1200 4548 1330 4595 non
1356 4532 1551 4598 fuerit
1570 4539 1662 4599 te-

124 4639 320 4700 mmet
334 4639 411 4700 tn
423 4651 587 4701 cnm
602 4652 687 4699 eo
698 4633 1133 4716 spiritualiter.
1149 4637 1248 4701 An
1256 4638 1558 4720 gustinus
1582 4642 1656 4703 ¹⁸:

132 4739 395 4824 «Magna
432 4741 739 4806 hominis
775 4742 1036 4807 miseria
1076 4748 1173 4808 est
1210 4763 1361 4810 cum
1394 4747 1663 4815 illonon

122 4864 260 4928 ene,
284 4852 421 4917 sine
448 4869 589 4935 quo
620 4866 763 4913 non
788 4853 1179 4932 potestesse.
1211 4873 1242 4913 n

190 4955 269 5022 De
290 4959 473 5026 tertio
490 4960 575 5023 ¹⁸:
602 4958 927 5025 Dominus
953 4957 1297 5040 vocum,
1320 4963 1477 5044 quia
1507 4964 1666 5044 fuis-

181 5085 193 5112 ¹
218 5085 418 5150 August.
444 5111 503 5122 -
532 5085 561 5121 ⁸
589 5083 748 5148 Sap„
774 5093 906 5145 vm,
931 5085 1063 5134 9.-
1084 5085 1170 5136 ⁸11
1203 5086 1343 5148 cam,
1373 5095 1503 5152 ηιι,
1531 5091 1577 5140 9.
1601 5111 1667 5130 --

130 5152 337 5211 *Καϋη
371 5168 506 5218 xm,
552 5160 605 5206 1.
650 5180 716 5194 -
760 5155 784 5190 ὓ
822 5155 958 5206 Psal.
999 5168 1138 5220 ινιτ,
1179 5160 1260 5208 27.
1299 5183 1362 5196 -
1402 5160 1426 5196 θ
1464 5160 1664 5224 Manli„

130 5234 290 5291 xxvsn,
316 5231 393 5281 20.
418 5254 487 5267 -
513 5228 533 5258 ⁷
571 5226 648 5276 111
681 5225 822 5291 neq..
850 5237 985 5288 xvn,
1020 5229 1093 5278 14.
1118 5254 1181 5266 -
1206 5227 1230 5264 ⁸
1255 5229 1420 5292 ,ΙοιιηἸ
1447 5242 1553 5295 111,
1583 5234 1662 5283 24.

131 5319 184 5332 -
205 5297 224 5326 ⁹
245 5298 373 5350 Paul.
405 5308 639 5361 mxxv,
672 5299 751 5347 12.
778 5323 843 5335 -
875 5297 917 5332 ²·
947 5297 1070 5364 lea„
1100 5310 1214 5366 Lm,
1243 5303 1293 5353 5.
1326 5327 1387 5339 --
1422 5302 1457 5338 ¹¹
1486 5301 1663 5365 Num„

136 5375 206 5428 ιι,
242 5367 287 5420 8.
325 5396 380 5407 —
425 5371 467 5405 ¹²
498 5369 633 5429 Isa„
678 5380 820 5432 xxx,
862 5369 944 5420 23.
980 5396 1045 5408 -
1081 5370 1349 5435 ¹⁸1Cor.,
1382 5385 1470 5438 xv,
1497 5375 1575 5424 44.
1604 5400 1668 5412 —

137 5439 171 5473 ⁵⁸
192 5443 329 5506 Aug„
360 5444 415 5491 in
440 5443 618 5500 Jaan„
646 5443 799 5491 tract.
828 5452 945 5503 cti,
984 5453 1037 5492 n.
1073 5444 1130 5504 2,
1160 5445 1324 5508 quoad
1355 5458 1579 5495 sensum.
1604 5470 1668 5482 —

138 5508 175 5544 ¹⁸
212 5511 251 5561 ll
287 5513 485 5573 Paul-9
526 5523 621 5574 xv,
662 5518 717 5562 2.
758 5533 823 5550 «-
861 5512 907 5550 ¹⁸
946 5512 1085 5569 Lm..
1114 5525 1182 5578 ιι,
1222 5519 1299 5571 ¹2.
1332 5539 1389 5554 -·-
1434 5517 1475 5555 ²²
1514 5516 1663 5580 Gen„

1763 659 1855 725 tis
1879 673 2022 725 cum
2058 674 2129 725 eo
2152 675 2179 724 .·
2200 659 2265 725 si
2288 658 2682 741 quasia-itis
2714 676 2855 727 eum
2874 710 2892 742 ,
2939 664 3310 731 invenietis.

1762 765 1838 831 Si
1886 771 2102 832 autem
2155 764 2626 848 dereliqueritis
2679 780 2823 833 eum
2845 815 2867 848 ,
2919 767 3312 854 derelinquet

1763 888 1895 940 vos.
1928 872 1995 938 Si
2017 873 2400 956 quaesieritis
2434 874 2598 939 bene
2625 873 2900 940 vivendo
2921 924 2941 955 ‚
2973 877 3311 944 invenietis

1763 979 2201 1064 spiritualiter,
2243 980 2410 1045 sicut
2450 985 2734 1063 pastores
2782 984 3193 1066 corporaliter
3219 987 3309 1051 ¹⁸:

1763 1088 2116 1155 Invenietis
2145 1089 2484 1168 insanient,
2522 1092 2641 1154 etc.
2677 1089 2785 1154 Est
2809 1107 2972 1172 ergo
3004 1092 3310 1158 Dominus

1764 1213 1913 1260 cum
1947 1196 2109 1260 bene
2137 1195 2501 1260 viventibus
2527 1196 2596 1259 in
2622 1200 3123 1280 conversatione,
3145 1201 3308 1266 sicut

1764 1302 1891 1367 hic.
1929 1302 2009 1368 Et
2039 1303 2082 1341 ¹⁷
2115 1324 2130 1368 :
2160 1304 2245 1369 Si
2281 1304 2481 1382 suerit
2517 1291 2753 1370 mecum
2784 1307 3128 1387 Dominus,
3160 1313 3306 1382 etc„

1762 1421 1826 1478 et
1848 1410 2101 1477 dederit
2126 1407 2292 1476 mihi
2309 1427 2542 1493 panem
2560 1411 2650 1477 ad
2675 1414 3077 1495 vescendum,
3099 1425 3160 1483 et
3175 1432 3311 1483 ves-

1764 1521 2107 1586 timentum
2123 1517 2213 1584 ad
2238 1518 2638 1586 induendum
2654 1521 2756 1604 (b),
2780 1527 2899 1587 etc.
2933 1523 3129 1590 Ubiin
3140 1545 3305 1610 pane

1765 1628 1994 1709 gratia,
2013 1627 2082 1690 in
2103 1627 2480 1693 vestimento
2491 1629 2658 1694 bona
2669 1632 2877 1711 gratia
2889 1633 2938 1696 si
2945 1635 3309 1714 gnificatur.

1763 1739 1916 1800 item
1977 1753 2129 1800 cum
2181 1737 2565 1819 patientibus
2619 1736 2688 1800 in
2739 1739 3166 1806 tribulatione.
3237 1741 3312 1806 ln

1765 1844 2017 1910 Psalmo
2063 1845 2107 1883 ²⁸
2140 1865 2155 1908 :
2187 1844 2340 1911 Cum
2385 1846 2527 1927 ipso
2570 1861 2713 1911 sum
2758 1846 2835 1912 in
2872 1847 3307 1916 tribulacione.

1764 1950 2129 2019 Bet-nardus
2155 1954 2236 2018 ¹⁹:
2264 1975 2296 2015 α
2322 1952 2569 2018 Bonum
2592 1953 2776 2035 mihi,
2803 1953 3084 2037 Domine,
3106 1955 3176 2020 in
3201 1957 3312 2021 tri-

1764 2060 2087 2128 bulatione
2124 2063 2335 2145 magis
2378 2062 2667 2146 amplecti
2705 2067 2768 2127 te
2783 2112 2803 2143 ,
2832 2064 3068 2130 habere
3095 2069 3157 2129 te
3183 2083 3313 2131 me-

1763 2187 1918 2233 cum
1946 2169 2016 2233 in
2044 2169 2317 2249 camino,
2347 2188 2542 2252 quam
2569 2188 2706 2234 esse
2733 2171 2957 2235 sine-te
2977 2171 3041 2234 in
3069 2171 3249 2237 coelo.
3269 2195 3301 2232 n

1767 2282 1820 2321 ²·
1848 2278 2026 2360 Quid
2052 2280 2223 2346 enim
2248 2278 2416 2345 mim
2439 2282 2532 2346 est
2558 2279 2635 2344 in
2669 2275 2815 2345 coelc
2834 2279 2869 2343 9
2899 2283 2962 2345 et
2990 2294 3034 2344 a
3061 2284 3124 2346 te
3149 2280 3315 2361 quid

1765 2386 1943 2454 volui
1953 2402 2143 2468 super
2155 2391 2396 2462 terram
2410 2386 2446 2451 ἱ)
2458 2384 2615 2448 Item
2631 2402 2776 2448 cum
2800 2386 3215 2450 moerentibus
3232 2387 3312 2471 (c)

1764 2493 1830 2558 in
1854 2492 2266 2557 debellatione
2291 2490 2366 2553 ³¹:
2401 2490 2711 2557 Dominus
2739 2507 2976 2558 mecum
3001 2499 3096 2561 est
3120 2497 3314 2577 quasi

1762 2600 2022 2667 bellator
2065 2599 2273 2678 fortis.
2321 2596 2568 2666 Idcirco
2605 2600 2719 2681 qui
2746 2602 3149 2682 persequitur
3188 2618 3308 2680 me,

1761 2706 1943 2775 cadet
1963 2706 2072 2790 (d),
2091 2709 2210 2771 etc.
2234 2706 2390 2772 Item
2418 2724 2566 2770 cum
2595 2706 2974 2787 regentibus
2994 2707 3062 2770 in
3091 2708 3314 2790 praela·

1760 2815 1934 2881 tione
1951 2817 2042 2881 ¹²:
2068 2816 2379 2883 Dominus
2413 2816 2581 2882 Deus
2608 2821 2759 2883 tuus
2786 2821 2988 2883 tecum
3003 2819 3114 2895 stt,
3144 2818 3315 2885 sicut

1759 2925 1895 3004 ruit
1922 2941 2066 2992 cum
2092 2925 2307 3009 Moyse
2336 2945 2359 2987 .·
2391 2927 2509 3007 qui
2533 2923 3009 2992 contradixerit
3044 2927 3145 2992 ori
3177 2932 3312 3005 tuo,

1761 3038 1823 3098 et
1859 3036 2091 3098 caetera
2118 3051 2322 3117 usque
2349 3033 2684 3099 moriatur.
2716 3029 2938 3096 Merito
2973 3033 3304 3098 morietur.

1760 3139 1869 3204 Ait
1897 3141 2072 3205 enim
2106 3137 2456 3220 Gregorius
2470 3143 2560 3203 ¹⁸:
2594 3160 2625 3199 α
2655 3137 2776 3216 Qui
2805 3155 2872 3201 se
2916 3143 3137 3203 contra
3163 3158 3314 3205 suos

1760 3247 2136 3330 praepositos
2161 3247 2447 3329 erigunt,
2478 3246 2755 3328 profecto
2790 3245 3131 3312 ostendunt
3160 3248 3316 3331 quia

1761 3354 1934 3418 servi
1963 3353 2071 3418 Dei
2104 3371 2242 3418 esse
2268 3357 2708 3418 contemnunt.
2737 3373 2768 3412 n

1836 3460 1928 3525 ·De
1965 3465 2196 3545 quarto
2240 3463 2291 3501 ²⁸
2334 3461 2525 3543 :Ipse
2567 3461 2741 3527 Deus
2781 3476 2925 3527 oum
2977 3460 3146 3543 ipsis
3191 3463 3315 3530 erit

1763 3584 1978 3636 eorum
2009 3568 2196 3647 Deus,
2227 3577 2286 3635 et
2311 3568 2649 3651 absterqct,
2692 3571 2810 3632 etc.
2856 3568 2950 3632 Ibi
2985 3569 3157 3633 enim
3194 3569 3317 3638 erit

1765 3676 1929 3740 Deus
1969 3691 2118 3739 cum
2147 3677 2339 3758 justis
2364 3675 2527 3740 sicut
2550 3675 2668 3740 lux
2693 3692 2844 3739 cum
2869 3675 3145 3753 vidente,
3175 3676 3316 3742 dul-

1762 3783 1916 3848 cedo
1955 3799 2106 3847 cum
2155 3785 2487 3864 gustante,
2535 3782 2668 3846 vita
2708 3799 2858 3846 cum
2899 3782 3178 3848 vivente.
3221 3782 3316 3848 lbi

1764 3892 1886 3956 erit
1915 3891 2083 3955 Deus
2108 3907 2257 3955 cum
2283 3890 2469 3954 eisin
2494 3887 2739 3953 ratione
2761 3937 2780 3969 ,
2806 3908 2958 3954 cum
2984 3890 3169 3954 eisin
3198 3909 3312 3957 vo-

1767 3998 2042 4077 luntate,
2090 4015 2238 4061 cum
2259 3997 2351 4061 eis
2379 3996 2448 4058 in
2478 3995 2810 4061 memoria.
2841 3994 3202 4061 Bernardus
3217 3998 3311 4062 ¹⁸:

1775 4129 1805 4167 α
1837 4106 1977 4188 Ipse
2008 4104 2240 4169 rationi
2280 4104 2537 4168 futurus
2580 4101 2907 4186 plenitudo
2940 4102 3101 4167 lucis
3133 4124 3149 4167 τ
3179 4102 3316 4185 ipse

1773 4211 2085 4277 voluntati
2147 4210 2472 4294 plenitudo
2527 4210 2698 4293 pacis
2738 4231 2754 4274 :
2797 4209 2934 4292 ipse
2985 4210 3314 4275 memoriae

1765 4317 2155 4383 continuatio
2172 4317 2563 4383 aeternitatiS.
2594 4339 2625 4377 n
2663 4317 2751 4382 De
2776 4317 3092 4399 praedictis
3119 4316 3319 4399 signi-

1765 4426 2028 4490 ficatum
2058 4427 2156 4489 est
2188 4424 2259 4505 ¹⁸,
2275 4425 2389 4488 ubi
2416 4423 2705 4505 Angelus
2744 4423 2894 4488 dicit
2921 4424 3001 4489 ad
3029 4423 3314 4488 Gedeon:

1769 4534 2081 4601 Dominus
2123 4539 2348 4610 tecum,
2397 4534 2684 4599 virorum
2721 4532 3104 4611 fortissime,
3154 4535 3313 4610 etc.;

1767 4642 1883 4706 ubi
1913 4644 2190 4724 quatuor
2215 4639 2416 4720 signis
2441 4638 2796 4703 ostenditur
2835 4637 3142 4703 Dominus
3170 4655 3318 4701 cum

1769 4767 1868 4829 eo,
1900 4747 2142 4812 scilicet
2163 4746 2232 4811 in
2259 4764 2427 4825 rore,
2459 4746 2527 4809 in
2556 4762 2743 4827 pane,
2771 4745 2838 4809 in
2868 4744 3042 4826 igne,
3074 4744 3143 4807 in
3165 4743 3321 4808 lam-

1770 4855 1955 4940 pade.
1983 4853 2324 4919 Nobiscum
2350 4869 2507 4933 ergo
2537 4851 2842 4917 Dominus
2869 4855 2965 4916 est
2991 4851 3059 4914 in
3076 4869 3320 4915 assum-

1772 5010 1974 5062 xxvm,
2005 5000 2084 5049 20.
2120 5022 2180 5035 —
2212 4995 2255 5032 ¹⁸
2281 4994 2421 5045 Psal.
2452 5008 2540 5057 xc,
2565 4999 2644 5047 15.
2676 5021 2739 5033 -
2766 4995 2807 5030 ¹⁸
2839 4995 2993 5046 Bern.
3023 5020 3083 5031 —
3108 4994 3156 5029 ¹·
3180 4994 3319 5046 Psal.

1775 5081 1939 5135 um,
1970 5073 2049 5121 2⁵.
2071 5093 2136 5110 ·-·
2163 5069 2197 5104 ²³
2228 5069 2434 5126 lemn..
2458 5078 2548 5130 xx,
2579 5072 2657 5116 Η.
2683 5092 2745 5105 -
2771 5066 2813 5101 υ
2837 5067 2964 5129 los„
2995 5078 3053 5130 11,
3080 5068 3239 5117 1748.
3257 5091 3322 5108 --

1774 5142 1816 5178 ²⁸
1842 5143 2024 5206 Greg„
2055 5141 2108 5191 in
2147 5140 2186 5190 ΙΙ
2228 5139 2367 5203 Req„
2407 5151 2559 5190 xxm.
2598 5163 2662 5177 —
2701 5136 2746 5172 ²⁸
2778 5137 2950 5202 apoc„
2980 5149 3099 5200 xxi,
3127 5139 3232 5188 3-4.
3260 5163 3323 5175 -

1773 5213 1817 5249 ¹¹
1841 5215 2017 5276 Rern„
2047 5212 2103 5262 in
2133 5211 2302 5276 Cant„
2330 5223 2486 5262 serm.
2520 5219 2592 5273 Μ,
2620 5222 2676 5260 n.
2708 5210 2759 5259 5.
2786 5234 2850 5248 —
2874 5209 2917 5243 ²⁸
2940 5208 3128 5271 ludia,
3154 5220 3227 5272 vi,
3261 5210 3320 5260 12

1775 5287 1828 5336 et
1860 5298 1972 5349 seq.

1840 5372 1907 5438 (a)
1937 5372 2088 5438 vulg.
2119 5370 2594 5422 comunicabit.—
2615 5367 2684 5434 (b)
2711 5370 2842 5428 Hac,
2868 5384 2979 5436 quoe
3001 5370 3168 5435 posita
3197 5372 3316 5420 sunt

1775 5444 1908 5494 inter
1930 5443 2029 5493 duo
2056 5447 2175 5505 etc„
2192 5455 2291 5493 non
2315 5440 2496 5491 habent
2521 5442 2630 5491 σαί.
2657 5438 2842 5489 edit.—
2882 5441 2944 5504 (c)
2977 5442 3092 5506 Leq.
3122 5453 3322 5492 meren-

1775 5517 1929 5570 tibus.
1941 5541 2006 5556 --
2024 5514 2102 5582 (d)
2123 5516 2152 5568 i
2170 5513 2272 5582 ὡς.
2297 5516 2681 5582 persequuntur,
2696 5511 2886 5564 cadent.
