4059 6317
797 433 917 498 uo

800 566 1119 650 gentium.
1149 584 1181 626 ι
1215 557 1353 628 Hoc
1374 560 1599 626 lumen
1633 559 1742 625 ille
1781 559 2045 627 Simeon
2070 579 2203 628 non
2230 580 2333 627 so-

795 676 936 740 lum
956 672 1150 749 vidit,
1179 671 1290 737 sed
1329 670 1520 735 etiam
1564 669 1634 733 in
1676 670 1981 735 manibus
2021 672 2262 754 aceepit
2287 672 2333 735 ².

796 783 1034 850 Radius
1060 781 1234 846 enim
1261 779 1528 844 luminis
1556 778 1756 861 hujus
1781 795 1896 861 per
1910 782 2175 844 ventum
2206 783 2339 843 ten·

795 894 1051 959 tationis
1075 893 1204 956 cito
1231 890 1300 955 in
1327 888 1520 954 nobis
1545 886 1972 970 extinguitur,
1991 887 2115 951 nisi
2133 887 2337 952 mani·

793 1001 916 1065 bus
965 1001 1285 1065 bonorum
1339 1013 1611 1079 operum
1664 995 2205 1061 circumfoventur
2243 995 2269 1032 ¹
2310 1013 2331 1058 t

802 1130 836 1171 ι
860 1108 932 1174 Ιιι
960 1108 1260 1173 manibus
1289 1103 1611 1170 abscondit
1637 1102 1849 1168 lucem
1876 1151 1895 1184 ,
1937 1106 2002 1170 et
2051 1102 2337 1187 praecipit

793 1217 879 1297 ei,
916 1220 991 1281 ut
1031 1232 1260 1281 rursus
1297 1213 1617 1279 adveniat.
1665 1233 1696 1272 n
1751 1210 1928 1277 Sicut
1978 1219 2195 1277 autem
2240 1211 2337 1276 sol

793 1341 912 1409 per
935 1325 1156 1390 lumen
1189 1340 1383 1388 suum
1416 1319 1718 1386 omnibus
1757 1318 2092 1403 aequaliter
2131 1319 2332 1401 adest,

796 1449 928 1497 non
955 1437 1173 1496 tamen
1199 1428 1532 1512 aequaliter
1557 1426 1801 1492 revelat
1817 1426 2047 1492 clausis
2073 1431 2136 1491 et
2153 1445 2334 1510 aper-

794 1541 900 1619 tis,
927 1539 1116 1621 lippis
1141 1541 1206 1602 et
1230 1536 1418 1601 claris
1442 1534 1683 1615 oculis;
1716 1535 1807 1599 sic
1834 1554 1903 1600 se
1930 1535 2123 1600 habet
2152 1554 2333 1601 reve-

793 1644 946 1711 latio
973 1645 1235 1710 luminis
1260 1642 1483 1708 aeterni
1507 1643 1585 1707 ad
1614 1642 1830 1709 visum
1866 1642 2037 1708 fldei.
2066 1642 2330 1726 Augus-

795 1754 970 1818 tinus
994 1753 1018 1789 ⁸
1053 1773 1070 1815 ε
1113 1773 1145 1812 ιι
1181 1751 1347 1816 Deus
1390 1750 1691 1814 omnibus
1739 1750 2070 1833 aequaliter
2121 1750 2327 1830 adest3

794 1859 905 1925 ille
929 1863 1146 1924 autem
1172 1858 1319 1941 plus
1358 1857 1550 1922 habet
1573 1856 1696 1921 loci
1713 1905 1732 1936 ,
1762 1857 1877 1941 qui
1911 1856 2060 1941 plus
2099 1857 2330 1924 attule-

795 1967 882 2031 rit
910 1984 1040 2032 non
1066 1965 1347 2048 argenti,
1375 1965 1486 2029 sed
1513 1964 1679 2028 fidei.
1711 1986 1743 2024 n

875 2073 962 2139 De
1006 2072 1287 2138 secundo
1314 2072 1336 2109 ⁴
1377 2093 1393 2136 ε
1435 2096 1467 2133 c
1493 2069 1697 2136 Nemo
1732 2075 1937 2155 potest
1986 2070 2210 2137 venire
2251 2071 2331 2137 ad

797 2202 924 2264 me,
954 2184 1080 2248 nisi
1106 2182 1293 2248 Pater
1331 2199 1518 2246 meus
1554 2182 1825 2245 traxerit
1864 2198 2039 2246 eum.
2069 2202 2100 2241 n
2138 2180 2332 2249 Nemo

793 2298 997 2375 potest
1022 2292 1259 2370 venire,
1287 2294 1408 2354 etc.
1441 2287 1626 2372 Saepe
1652 2305 1845 2352 nemo
1875 2289 2268 2371 permittitur
2291 2307 2332 2354 a

794 2399 1207 2466 daemoniacis
1246 2401 1310 2463 et
1355 2396 1671 2481 perversis
1703 2395 2079 2461 hominibus
2109 2395 2266 2462 alios
2291 2416 2332 2462 a

795 2509 965 2573 bono
989 2505 1462 2573 retrahentibus
1499 2511 1567 2569 ⁸:
1599 2526 1631 2565 α
1656 2502 2083 2571 occurrerunt
2107 2504 2168 2571 ei
2202 2505 2331 2570 duo

796 2616 1099 2681 babentes
1127 2614 1464 2694 daemonia,
1495 2612 1651 2679 saevi
1681 2615 1787 2696 (a),
1817 2629 1860 2673 n·
1885 2612 1952 2678 id
1981 2616 2077 2677 est
2104 2611 2327 2677 crude-

793 2724 907 2804 les,
944 2747 975 2786 α
1000 2723 1217 2802 nimis,
1248 2722 1340 2787 ita
1362 2727 1441 2787 ut
1466 2739 1657 2785 nemo
1695 2724 1903 2803 posset
1942 2720 2016 2803 (b)
2062 2719 2332 2786 transire

795 2852 908 2917 per
938 2832 1110 2897 illam
1130 2833 1327 2912 viam,
1348 2853 1381 2891 ι
1418 2831 1653 2895 scilicet
1667 2828 2078 2913 poenitentiae,
2108 2828 2176 2892 in
2201 2847 2332 2912 qua

792 2940 971 3006 venit
1022 2940 1194 3005 filius
1246 2938 1595 3022 prodigus,
1654 2937 1824 3001 filius
1881 2936 2209 3002 famelicus
2249 2937 2330 3002 ad

792 3053 1036 3133 patrem
1095 3047 1451 3130 gratiarum
1512 3044 1964 3109 abundantem.
2018 3044 2331 3125 Augusti-

792 3172 920 3220 nus
945 3155 969 3191 ‘
1000 3176 1018 3219 ι
1058 3177 1090 3215 α
1115 3152 1397 3237 Pauper,
1435 3153 1585 3217 veui
1630 3151 1711 3215 ad
1750 3150 2049 3229 divitem;
2108 3151 2327 3234 miser,

659 3257 666 3264 ⁴
794 3263 875 3328 ad
911 3262 1414 3340 misericordem,
1445 3278 1525 3323 ne
1551 3255 1809 3323 redeam
1823 3275 2066 3321 vacuus
2092 3261 2155 3321 et
2182 3276 2332 3322 oon-

796 3374 1077 3454 temptus
1104 3391 1121 3432 t
1152 3374 1215 3433 et
1240 3385 1413 3432 nunc
1453 3372 1796 3449 antequam
1831 3363 2154 3431 comedam
2182 3380 2327 3432 sus-

791 3479 938 3562 piro
974 3477 1021 3557 ⁷,
1052 3476 1133 3542 da
1171 3475 1274 3541 vel
1316 3475 1619 3558 suspiria,
1659 3476 1733 3538 ut
1770 3473 2124 3538 comedam.
2163 3495 2195 3533 n
2250 3473 2331 3539 Ut

794 3591 1011 3650 autem
1037 3584 1236 3649 homo
1265 3585 1476 3648 veniat
1505 3581 1586 3646 ad
1625 3598 1774 3645 eum
1793 3628 1810 3660 ,
1842 3585 2092 3662 oportet
2114 3580 2326 3663 ipsum

795 3691 965 3756 trabi
993 3709 1106 3774 per
1135 3690 1355 3755 sunem
1390 3690 1640 3772 gratiae.
1671 3687 1758 3752 De
1787 3687 1910 3751 hoc
1935 3687 2191 3770 require
2218 3707 2326 3753 su-

795 3817 912 3882 pra
939 3799 988 3878 ⁸,
1027 3798 1091 3862 in
1129 3816 1420 3863 sermone
1462 3818 1479 3861 z
1520 3795 1716 3862 Nemo
1752 3800 1959 3878 potest
1986 3796 2203 3861 venire
2239 3795 2330 3862 ad

795 3922 893 3973 me
937 3906 1009 3989 (c)
1032 3956 1050 3986 ,
1095 3909 1215 3970 etc.
1234 3953 1256 3986 ,
1305 3905 1462 3968 teria
1508 3901 1611 3984 IV,
1664 3904 1808 3985 post
1851 3901 2283 3968 pentecostem
2302 3952 2323 3984 ,

796 4033 1005 4081 sermo
1041 4034 1098 4096 1,
1147 4014 1218 4077 in
1259 4012 1549 4077 membro
1593 4009 1655 4074 Ιι.
1704 4010 1827 4076 Sed
1876 4014 2044 4075 certe
2094 4011 2149 4075 si
2195 4030 2327 4077 non

794 4122 1069 4187 traheris
1115 4139 1157 4185 a
1197 4120 1323 4185 Deo
1362 4118 1430 4183 in
1475 4118 1707 4183 coelum
1729 4166 1749 4197 ,
1796 4117 2070 4182 traheris
2111 4137 2153 4182 a
2190 4119 2323 4185 dia-

794 4229 940 4296 bolo
966 4230 1035 4293 in
1058 4228 1380 4292 infernum
1439 4225 1464 4261 ²
1500 4247 1516 4290 ε
1565 4248 1597 4286 α
1635 4224 1844 4290 Gauda
1870 4228 2011 4307 ejus
2038 4225 2330 4293 trahebat

676 4369 684 4376 ·
797 4339 1043 4403 tertiam
1075 4339 1321 4419 partem
1349 4333 1678 4398 stellarum
1708 4332 1876 4398 coeli.
1911 4353 1943 4392 n

876 4445 963 4511 De
988 4444 1174 4510 tertio
1195 4442 1422 4507 dicitur
1444 4439 1551 4506 hic
1582 4462 1598 4506 ε
1630 4441 1829 4509 Nemo
1861 4444 2064 4523 potest
2085 4438 2329 4508 duobus

797 4552 1081 4621 dominis
1107 4549 1365 4618 servire.
1393 4546 1441 4612 Ο
1470 4565 1666 4631 quam
1692 4546 2027 4612 dissimiles
2055 4551 2207 4612 sunt
2233 4547 2326 4611 illi

795 4662 924 4728 duo
949 4657 1211 4737 domini,
1235 4655 1429 4733 Deus,
1452 4658 1516 4719 et
1533 4653 1850 4719 diabolus!
1874 4654 2128 4720 Primus
2153 4655 2327 4720 enim

794 4771 890 4832 est
917 4764 1370 4842 suavissimum
1424 4761 1715 4827 Psalmus
1743 4762 1789 4798 ¹⁶
1820 4783 1838 4828 ε
1878 4784 1910 4823 α
1934 4760 2171 4828 Suavis
2204 4761 2324 4827 Do-

795 4873 1009 4938 minus
1032 4870 1374 4937 universis.
1419 4891 1451 4929 n
1490 4867 1821 4935 Secundus
1846 4875 2066 4935 autem
2092 4870 2324 4934 crude-

792 4959 1078 5046 lissimus
1102 4980 1145 5017 ²¹
1180 4999 1198 5044 ι
1233 4999 1267 5040 ι
1291 4974 1565 5042 Tradam
1592 4974 1942 5060 AEgypmm
1984 4978 2056 5041 in
2094 4993 2327 5042 manus

791 5087 1202 5154 dominorum
1230 5084 1612 5151 crudelium.
1641 5106 1673 5145 n
1706 5084 1885 5150 Alter
1910 5085 2084 5149 enim
2110 5102 2326 5150 remu-

852 5214 872 5251 ¹
900 5214 1038 5276 Lae,
1067 5225 1133 5278 ιι,
1162 5214 1239 5264 28.
1270 5236 1334 5250 —
1356 5211 1382 5248 ¹
1404 5209 1514 5264 Iob.
1541 5222 1730 5274 xxxvi,
1756 5213 1837 5264 32.
1876 5236 1936 5248 —
1968 5210 1992 5246 ⁸
2022 5213 2235 5276 August.
2261 5237 2327 5251 —

790 5287 814 5323 ὁ
835 5286 999 5351 loun„
1028 5296 1111 5348 v1,
1138 5287 1215 5336 44.
1244 5309 1309 5322 -
1331 5283 1354 5321 ⁸
1379 5284 1587 5345 nauh„
1613 5294 1735 5346 vm,
1764 5287 1843 5335 28.
1873 5308 1938 5321 —
1973 5283 1993 5315 ⁸
2021 5286 2235 5349 August.
2261 5309 2324 5321 —

790 5358 812 5394 ‘¹
836 5356 945 5420 lob,
972 5369 1062 5420 ιιι,
1092 5357 1173 5408 24.
1206 5370 1268 5395 -·-
1290 5354 1314 5391 ⁸
1338 5356 1488 5421 Sap„
1516 5367 1635 5420 pag.
1669 5356 1784 5417 3¹5,
1812 5354 1912 5406 col.
1939 5357 1990 5406 2.
2021 5382 2078 5393 -
2106 5355 2128 5386 ⁰
2154 5357 2326 5422 apoc„

791 5440 886 5492 ιιι,
907 5431 1022 5481 4.-
1041 5430 1085 5466 ²·
1105 5427 1247 5480 Ptol.
1274 5438 1450 5492 exuv,
1478 5431 1592 5479 9.-
1618 5428 1655 5464 ¹¹
1679 5428 1796 5491 Ita„
1821 5439 1934 5492 ιιι,
1958 5429 2075 5479 4.-
2102 5429 2143 5463 ¹⁸
2161 5428 2326 5491 loon..

1897 423 2315 492 SERMONES
2356 425 2452 491 DE
2492 425 2887 495 TEMPORE.

2444 567 2631 627 uerat
2653 580 2874 629 servos
2918 581 3071 630 suos
3115 582 3265 631 cum
3312 583 3583 648 corona,
3616 570 3754 638 alter
3786 594 3892 643 cum

2447 669 2765 751 gehenna.
2798 670 2938 737 Istis
2963 690 3124 756 ergo
3145 674 3421 740 dominis
3440 695 3624 741 nemo
3646 683 3814 762 potest
3831 687 3892 749 si-

2446 777 2585 842 mul
2619 779 2898 859 servire,
2937 780 3101 846 sicut
3135 799 3325 847 nemo
3367 789 3570 865 potest
3613 785 3747 852 flere
3766 791 3893 854 ειη·-

2446 885 2619 966 dere,
2647 886 2924 969 vigilare
2952 891 3019 952 et
3056 888 3370 970 dormire,
3400 893 3715 959 ascendere
3735 898 3897 963 etdes-

2446 992 2737 1058 cendere.
2781 994 2909 1060 Deo
2940 996 3220 1061 servitur
3260 998 3470 1064 flendo
3514 1017 3625 1083 per
3658 1005 3898 1084 pmnitsn·

2446 1099 2632 1179 tiam;
2677 1100 2963 1182 diabolo,
3008 1103 3277 1170 ridendo
3322 1123 3439 1189 per
3480 1106 3775 1174 lasciviam
3811 1113 3843 1147 ²¹
3880 1135 3892 1176 :

2457 1228 2489 1267 α
2515 1207 2852 1275 Plorabitis
2879 1215 2945 1276 et
2970 1210 3200 1276 flebitis
3236 1229 3384 1293 voa,
3432 1215 3702 1280 mundus
3741 1223 3897 1283 antem

2448 1316 2775 1396 gaudebit.
2803 1338 2835 1380 ι
2868 1317 3094 1403 Siquis
3110 1320 3758 1406 enimcompungitnr,
3777 1325 3898 1391 hunc

2446 1425 2673 1491 fletum
2705 1429 2968 1511 querit,
3021 1429 3196 1494 hunc
3232 1429 3438 1495 risum
3472 1432 3653 1514 fugit.
3696 1432 3899 1499 Joannoe

2445 1531 2930 1617 chrysostomus
2963 1537 3008 1574 ¹⁸
3036 1555 3055 1602 t
3095 1559 3127 1598 α
3153 1535 3301 1603 Sola
3335 1538 3514 1602 enim
3550 1541 3898 1625 compunctio,

2444 1659 2594 1725 quae
2622 1643 2768 1708 tacit
2792 1644 2994 1729 ipsam
3022 1647 3305 1712 animam
3338 1648 3697 1714 horrescere
3718 1668 3897 1733 purpu-

2442 1767 2607 1829 ram,
2638 1750 2994 1819 desiderare
3018 1754 3364 1835 silentium,
3390 1774 3611 1821 amare
3636 1756 3899 1841 lacrymas,

2441 1857 2666 1941 fugere
2692 1859 2917 1926 risum.
2946 1884 2978 1922 n
3017 1861 3175 1927 ltem
3194 1861 3320 1927 Deo
3346 1864 3623 1928 servitur
3646 1863 3900 1946 vigilando

2440 1963 2511 2028 in
2537 1967 2821 2033 custodia
2844 1973 3064 2034 contra
3088 1969 3445 2051 diabolum3
3483 1971 3723 2037 diabolo
3744 1977 3901 2036 autem

2442 2073 2723 2139 servitur
2767 2075 3137 2142 dormiendo
3191 2077 3263 2142 in
3307 2078 3703 2161 negligentia
3743 2084 3904 2144 contra

2443 2179 2715 2245 Deum.¹⁴
2750 2204 2781 2243 α
2808 2180 2951 2247 Νοιι
2980 2182 3405 2265 dormiamus,
3441 2185 3608 2251 sicut
3628 2192 3689 2251 et
3717 2187 3899 2264 caeteri3

2441 2287 2552 2352 sed
2579 2287 2923 2371 vigilemus
2967 2295 3033 2355 et
3073 2292 3271 2357 sobrii
3305 2293 3533 2358 simus.
3563 2316 3595 2354 n
3647 2293 3788 2359 Item
3816 2292 3903 2359 noo

2440 2395 2719 2461 servitur
2743 2398 3137 2466 ascendendo
3165 2400 3245 2466 de
3280 2401 3522 2468 virtute
3546 2403 3618 2468 in
3642 2403 3904 2482 virtutem,

2440 2521 2647 2587 usque
2686 2504 2755 2569 in
2791 2506 3065 2586 coelum3
3113 2499 3364 2576 diabolo
3403 2517 3624 2577 autem
3640 2561 3659 2592 ,
3710 2511 3905 2577 descen-

2441 2611 2647 2677 dendo
2668 2613 2747 2678 de
2770 2613 2925 2682 vitio
2939 2616 3010 2680 in
3025 2617 3278 2698 vitium,
3305 2637 3513 2702 usque
3531 2621 3611 2686 ad
3628 2621 3902 2685 infernum.

2441 2717 2734 2786 Psalmus
2760 2723 2806 2759 ²⁸
2833 2740 2907 2788 τι
2932 2723 3296 2790 Ascendunt
3324 2732 3612 2809 montes,
3638 2732 3698 2794 et
3720 2729 3908 2793 desoen-

2440 2826 2605 2891 dunt
2614 2830 2843 2912 campi.
2864 2852 2896 2890 n
2928 2829 3004 2895 Et
3019 2831 3112 2897 illi
3129 2834 3388 2917 quidem
3405 2836 3746 2902 ascendunt
3759 2851 3907 2918 usque

2441 2936 2520 3002 ad
2562 2938 2752 3002 coelos
2772 2960 2790 3016 ;
2838 2940 2944 3005 isti
2974 2945 3189 3006 autem
3229 2943 3622 3010 descendunt
3654 2962 3828 3028 usque
3853 2942 3908 3006 ad

2441 3043 2721 3129 abyssos.
2753 3044 2916 3111 Cum
2940 3065 3097 3130 ergo
3137 3067 3328 3115 nemo
3367 3053 3571 3135 possit
3597 3052 3818 3117 duobus
3835 3050 3910 3115 do-

2441 3153 2635 3215 minis
2662 3153 2925 3234 servire,
2957 3156 3368 3238 repudiemus
3397 3158 3674 3226 alterum
3690 3210 3707 3237 ‚
3734 3158 3908 3225 scilieet

2440 3258 2797 3340 diabolum,
2828 3269 2902 3326 ut
2926 3261 3044 3326 soli
3068 3261 3196 3329 Deo
3222 3267 3583 3333 serviamus
3613 3269 3698 3334 ¹⁰:
3736 3293 3765 3330 ι
3788 3266 3909 3332 Prae·

2440 3371 2660 3450 parate
2693 3368 2884 3432 corda
2907 3374 3122 3434 vestra
3141 3419 3159 3450 ,
3190 3377 3253 3436 et
3280 3374 3515 3439 servite
3539 3374 3629 3438 illi
3651 3375 3823 3439 soli.»

2522 3475 2609 3540 De
2634 3480 2867 3559 quarto
2892 3478 2937 3515 ²⁷
2970 3501 2986 3541 ι
3026 3501 3056 3540 α
3084 3478 3285 3545 Nemo
3306 3484 3589 3548 ascendit
3620 3484 3684 3548 in
3713 3483 3909 3556 coelum,

2439 3580 2562 3645 nisi
2588 3583 2701 3665 qui
2730 3583 3055 3650 descendit
3076 3585 3156 3651 de
3181 3588 3359 3666 ooelo,
3389 3610 3420 3649 n
3454 3595 3580 3656 etc.
3608 3590 3655 3656 Ο
3684 3590 3908 3664 Domine,

2438 3689 2595 3771 quid
2620 3689 2743 3755 erit
2768 3691 2846 3756 de
2873 3692 3056 3756 nobis
3082 3694 3368 3760 miseris?
3398 3695 3520 3762 Ubi
3550 3701 3647 3763 est
3672 3715 3811 3779 ergo
3832 3694 3912 3759 Ps-

2440 3797 2630 3861 trus?
2681 3799 2795 3863 ubi
2845 3799 3164 3866 Ioannes?
3202 3803 3389 3869 beata
3431 3806 3548 3870 ubi
3590 3798 3913 3870 MariatSetl

2438 3904 2659 3970 nullus
2693 3904 2983 3991 desperet
3032 3930 3049 3972 ε
3095 3907 3148 3972 si
3188 3910 3359 3974 enim
3410 3910 3645 3977 dicitur
3684 3934 3700 3977 τ
3744 3909 3912 3977 Naum

2439 4013 2720 4078 ascendit
2745 4013 3076 4097 palatium,
3108 4015 3233 4080 nisi
3256 4034 3373 4082 rex
3396 4036 3414 4098 3
3441 4036 3527 4083 ex
3553 4019 3678 4085 hoc
3712 4035 3821 4098 non
3840 4032 3909 4078 εθ-

2439 4119 2663 4203 quitur
2688 4123 2862 4206 quod
2890 4141 3121 4188 manus
3159 4126 3223 4188 et
3258 4142 3367 4208 pes
3393 4127 3569 4208 regis
3596 4144 3720 4192 non
3742 4123 3913 4189 habent

2439 4228 2800 4294 ascendere.
2831 4228 2935 4295 Sic
2960 4235 3131 4296 certe
3156 4248 3306 4296 cum
3333 4230 3582 4299 Christo
3606 4231 3910 4305 ascendunt,

2438 4335 2553 4416 qui
2580 4353 2697 4418 per
2721 4335 2913 4401 fldem
2952 4342 3017 4401 et
3041 4355 3331 4403 amorem
3379 4339 3631 4406 Christo
3667 4344 3912 4421 tanquam

2439 4442 2731 4506 membra
2772 4444 2959 4527 capiti
3008 4445 3346 4511 uniuntur.
3389 4445 3612 4513 Glossa
3639 4470 3655 4516 ε
3686 4470 3717 4508 ι
3745 4441 3912 4511 nenati

2438 4549 2850 4632 spiritualiter
2884 4551 3234 4618 ascendunt
3282 4554 3351 4618 in
3390 4554 3666 4635 coelum,
3697 4552 3797 4619 sed
3819 4564 3913 4615 non

2437 4656 2562 4719 nisi
2597 4658 2888 4723 membra
2915 4659 3305 4725 cohaerentia
3331 4660 3602 4727 christo.
3630 4683 3661 4722 »
3704 4661 3856 4734 nem.
3875 4653 3911 4717 εἰ

2438 4763 2671 4828 dicitur
2697 4786 2715 4828 ι
2746 4763 2883 4830 Rex
2916 4766 3093 4831 solus
3118 4768 3400 4833 ascendit
3426 4768 3510 4852 (d)
3533 4791 3553 4849 ;
3582 4788 3668 4835 ex
3689 4769 3801 4834 hoc
3818 4777 3913 4829 nou

2438 4872 2729 4956 sequitur
2747 4922 2766 4953 ,
2796 4874 2969 4957 quod
3007 4875 3202 4942 vestis
3246 4896 3376 4960 qua
3411 4879 3673 4943 indutus
3706 4881 3793 4943 em
3817 4886 3912 4937 1101!

2438 4979 2738 5045 aseendit.
2768 4979 3040 5046 Ecclesia
3080 4985 3178 5046 est
3216 4984 3407 5048 vestis
3432 4983 3660 5049 Christi
3679 5032 3697 5065 ,
3722 4996 3849 5066 quai
3867 4976 3913 5040 in
4012 5051 4013 5080 ¹

2438 5133 2550 5187 xvi,
2576 5125 2723 5174 2o.—
2748 5123 2790 5160 ¹⁸
2812 5123 3098 5190 chrysost„
3116 5123 3178 5175 de
3205 5124 3517 5192 Gompnnet„
3541 5126 3636 5178 lib.
3660 5128 3729 5192 ΙΙ,
3752 5137 3800 5175 n.
3816 5123 3853 5173 3.
3869 5141 3915 5156 -·

2441 5195 2483 5232 ¹⁸
2509 5196 2530 5246 1
2554 5195 2740 5260 Thess„
2765 5208 2816 5262 v,
2844 5199 2893 5247 6.
2914 5221 2976 5236 -
3008 5197 3047 5233 ¹⁸
3067 5197 3205 5249 Ptol.
3232 5209 3351 5264 cm,
3375 5202 3423 5251 8.
3442 5226 3505 5238 —
3533 5200 3572 5231 ¹⁸
3596 5201 3619 5251 l
3644 5199 3775 5263 8η..
3790 5193 3914 5255 *1¹2³-

2436 5290 2500 5305 —
2528 5267 2565 5304 ⁸²
2591 5268 2755 5331 Joan„
2785 5280 2872 5334 ιιι,
2899 5271 2982 5320 13.

2499 5355 2573 5421 (a)
2603 5358 2727 5409 Cot.
2761 5358 2886 5410 edit.
2923 5359 3069 5410 omis.
3101 5358 3247 5410 sevi.
3273 5385 3337 5399 —
3372 5358 3444 5426 (ὁ)
3471 5360 3597 5411 Cot.
3630 5360 3748 5412 edit.
3776 5350 3914 5424 pod-

2436 5452 2500 5467 —
2534 5430 2594 5492 (c)
2622 5430 2684 5481 Εἰ
2713 5429 2892 5482 etim.
2922 5458 2978 5469 -
3010 5429 3093 5497 (d)
3122 5431 3246 5483 Coet.
3271 5430 3392 5484 edit.
3418 5430 3631 5485 adet-et.
3722 5444 3779 5453 ··
