4059 6317
738 522 858 584 37⁴

736 652 892 736 quid
923 652 1006 735 (a)
1027 650 1155 718 nisi
1181 652 1654 735 compelluntur
1676 655 1753 718 ut
1775 653 2014 717 intrent
2049 649 2168 733 (ω’)
2206 647 2282 716 Ut

737 761 1081 844 impleatur
1118 759 1346 827 domus
1384 776 1522 827 mea
1548 759 1817 825 coelestis
1851 758 2097 842 patriae.
2126 759 2284 823 Dico

738 873 948 936 mem
963 867 1143 935 vobis
1160 866 1334 951 quod
1358 883 1538 934 nemo
1557 869 1844 935 virorum
1863 865 2144 941 illorum,
2164 865 2283 947 qui

738 976 951 1044 vocati
972 980 1146 1055 sumt,
1177 975 1460 1057 gustabit
1484 991 1730 1042 coenam
1755 990 1977 1041 meam.
2010 972 2229 1038 Glossa
2259 993 2276 1036 z

741 1105 776 1146 ι
823 1081 1093 1162 Quidam
1138 1085 1482 1162 vocantur,
1523 1085 1588 1147 ‘et
1630 1083 2076 1161 contemnunt,
2131 1079 2284 1163 quia

740 1192 985 1257 donum
1011 1188 1367 1255 intellectus
1392 1188 1730 1271 accipiunt,
1774 1188 1881 1253 sed
1924 1205 2117 1271 opere
2153 1205 2283 1252 nou

742 1299 1011 1383 impleut
1038 1319 1055 1364 ε
1087 1301 1153 1363 et
1178 1298 1429 1376 talibus,
1460 1297 1574 1380 qui
1599 1296 2001 1362 insensibiles
2024 1298 2178 1361 sunt
2204 1293 2283 1359 ad

742 1408 1125 1473 documenta
1149 1408 1213 1470 et
1236 1404 1564 1485 beneficia,
1594 1405 1837 1470 bonum
1869 1407 1985 1484 est,
2018 1408 2094 1468 ut
2118 1403 2288 1467 fran-

746 1518 988 1598 gantur
1013 1513 1515 1589 infirmitatibus,
1544 1511 2051 1589 adversitatibus,
2081 1514 2144 1575 et
2164 1511 2287 1575 hu-

736 1620 1041 1705 jusmodi,
1063 1623 1137 1685 ut
1152 1637 1314 1704 quos
1326 1637 1610 1703 praesens
1619 1620 1773 1700 vita,
1795 1619 1930 1684 sive
1945 1618 2284 1702 AEgyptus,

745 1728 1098 1794 secundum
1137 1727 1521 1809 Gregorium
1549 1726 1594 1807 ¹,
1633 1749 1664 1788 α
1692 1727 2009 1809 oppressit
2034 1725 2288 1790 blandi-

745 1838 872 1915 tiis,
919 1835 1180 1919 adjuvet
1220 1852 1549 1918 premens3
1589 1836 1653 1898 et
1689 1833 1847 1898 dum
1881 1832 2044 1897 Deus
2080 1835 2284 1913 vocat,

747 1942 1065 2010 cruciatus
1090 1941 1397 2024 impellat,
1426 1962 1457 2001 t
1492 1941 1646 2024 quia
1685 1940 1843 2005 dum
1882 1939 2138 2021 affligit,
2169 1957 2291 2003 ex-

746 2052 938 2136 pedit.
959 2050 1121 2116 Nam
1139 2050 1296 2116 dnm
1316 2050 1684 2115 violentiam
1708 2048 1967 2130 ingerit,
1993 2047 2291 2113 festinare

746 2160 826 2226 ad
868 2177 1146 2244 superna
1188 2157 1529 2241 compellit.
1585 2155 1761 2222 Unde
1804 2155 1963 2221 dum
2014 2155 2291 2239 populus

751 2268 1130 2333 Israeliticus
1155 2285 1196 2331 a
1220 2265 1436 2349 Moyse
1471 2265 1838 2346 vocabatur,
1878 2283 1920 2331 a
1959 2263 2292 2331 Pharaone

747 2376 1176 2459 affligebatur,
1208 2379 1283 2440 ut
1310 2374 1603 2440 videlicet
1642 2374 1801 2439 alter
1833 2373 2119 2440 vocando
2155 2378 2286 2439 tra·

751 2484 953 2561 heret,
981 2481 1147 2547 alius
1172 2482 1494 2547 saeviendo
1512 2481 1881 2567 impelleret.
1914 2505 1945 2544 α
1964 2480 2167 2565 Felix,
2196 2484 2291 2548 in·

747 2609 967 2674 quam,
995 2589 1140 2655 talis
1165 2589 1524 2670 necessitas,
1554 2607 1701 2673 quae
1727 2589 1808 2654 ad
1828 2588 2092 2654 meliora
2117 2608 2291 2655 com-

749 2698 947 2781 pellit,
992 2719 1024 2758 »
1072 2696 1423 2762 secundum
1457 2695 1717 2762 beatum
1759 2696 2204 2779 Augustinum
2240 2699 2288 2764 ¹.

829 2804 1120 2870 Secundo
1145 2804 1217 2868 in
1242 2802 1441 2868 verbo
1469 2802 1793 2886 proposito
1825 2808 2082 2868 notatur
2108 2805 2289 2868 incu-

749 2912 1014 2982 sationis
1047 2911 1408 2991 insinuati0,
1455 2928 1606 2975 cum
1652 2909 1868 2977 subdit
1908 2930 1926 2976 z
1972 2910 2145 2985 Quid
2177 2912 2293 2980 hoc

752 3019 952 3087 audio
986 3018 1068 3085 de
1107 3018 1221 3086 te?
1265 3017 1448 3100 quasi
1486 3017 1651 3083 dicat
1695 3039 1712 3082 ε
1762 3017 1955 3084 Valde
2004 3020 2294 3100 graviter

750 3128 1079 3193 incusatus
1111 3144 1181 3191 es
1212 3125 1396 3189 mihi.
1426 3122 1590 3190 Nam
1615 3124 1818 3192 audio
1854 3125 1933 3192 de
1969 3133 2025 3194 te
2063 3126 2136 3209 (c)
2170 3126 2296 3209 pri·

753 3253 862 3300 mo
888 3233 1321 3315 arrogantiam
1343 3231 1427 3314 (d)
1449 3231 1830 3297 detestabilis
1854 3234 2293 3300 inobedientiae

752 3341 1214 3408 contemnentis
1239 3339 1675 3405 celsitudinem
1704 3341 1791 3405 im
1800 3359 2039 3408 mensae
2069 3348 2291 3425 poten-

754 3451 899 3530 tiae3
942 3449 1111 3515 unde
1136 3449 1206 3513 in
1232 3448 1500 3514 Psalmis
1529 3453 1553 3489 ⁸
1585 3471 1601 3513 :
1642 3472 1673 3511 α
1698 3449 2087 3517 Averteruut
2109 3471 2199 3533 se,
2229 3457 2295 3518 et

753 3576 884 3623 non
939 3561 1359 3622 servaverunt
1415 3559 1694 3639 pactum,
1751 3560 2293 3641 quemadmodum

752 3669 964 3747 patres
992 3682 1241 3743 eorum,
1271 3663 1562 3729 conversi
1600 3667 1751 3729 sunt
1794 3666 1864 3730 in
1887 3685 2113 3732 arcum
2142 3686 2289 3751 pra·

753 3789 936 3836 vum.
980 3770 1054 3835 In
1085 3769 1182 3835 ira
1211 3770 1689 3835 concitaverunt
1733 3788 1885 3837 eum
1922 3773 1993 3836 in
2028 3773 2294 3838 collibus

753 3879 909 3960 suis,
952 3878 1035 3943 ad
1069 3877 1541 3943 aemulationem
1585 3884 2115 3961 provocaverunt.
2156 3880 2289 3945 Au-

753 3988 914 4052 divit
943 3985 1272 4066 Dominus,
1306 3989 1369 4050 et
1396 3986 1657 4069 sprevit,
1689 3989 1755 4050 et
1779 3986 1860 4050 ad
1885 3987 2164 4053 nibilum
2190 4008 2288 4054 re-

754 4096 930 4177 degit
954 4093 1139 4160 valde
1169 4092 1383 4159 lsrael.
1423 4113 1454 4152 t
1498 4092 1656 4158 Ecce
1695 4092 1866 4176 quod
1892 4095 1995 4158 isti
2021 4095 2295 4177 maligni

754 4207 819 4267 et
859 4201 1290 4267 inobedientes
1332 4200 1412 4266 ad
1455 4200 1731 4266 nihilum
1768 4201 2003 4266 redacti
2040 4208 2189 4268 sunt
2224 4204 2295 4269 in

754 4311 1094 4390 conspectu
1138 4307 1283 4386 Dei;
1332 4306 1628 4372 timentes
1670 4312 1886 4373 autem
1926 4309 2291 4392 Dominum,

755 4417 819 4479 et
842 4415 1205 4481 obedientes
1240 4416 1382 4497 ejus
1411 4414 1764 4498 praeceptis,
1796 4418 2100 4499 tanquam
2127 4418 2292 4482 ami·

754 4540 861 4586 cos
888 4522 1222 4604 glorificat,
1262 4527 1327 4587 et
1359 4520 1596 4586 exaltat
1629 4522 1710 4586 ad
1750 4524 2296 4604 magnificentiam

755 4629 1047 4693 amicitias
1074 4632 1137 4693 et
1163 4629 1399 4694 amoris
1424 4629 1494 4692 in
1525 4630 1843 4712 praesenti,
1874 4635 2189 4712 quantum
2215 4633 2296 4698 ad

755 4737 923 4802 dona
956 4735 1222 4818 gratiae3
1262 4738 1417 4801 etin
1442 4738 1683 4817 futuro,
1728 4742 2043 4821 quantum
2069 4741 2150 4805 ad
2179 4741 2294 4805 do·

755 4859 914 4906 num
949 4841 1199 4923 gloriae.
1244 4841 1421 4908 Unde
1459 4843 1676 4924 homo,
1717 4845 1841 4910 nisi
1885 4844 2134 4910 obediat
2166 4846 2297 4914 Deo

754 4947 1104 5030 humiliter,
1136 4968 1467 5034 nunquam
1493 4951 1731 5033 dignus
1753 4956 1850 5017 est
1874 4953 1956 5018 ab
1983 4971 2060 5018 eo
2091 4953 2290 5021 hono·

752 5057 917 5138 rari;
963 5057 1096 5122 imo
1135 5076 1255 5141 pro
1303 5058 1508 5123 nihilo
1540 5062 1852 5143 tanquam
1901 5065 2147 5127 stercus
2187 5082 2289 5129 re·

751 5164 990 5248 putari.
1023 5164 1071 5231 Ο
1094 5165 1386 5231 amabilis
1419 5168 1646 5246 virtus,
1686 5169 2115 5235 mansuetudo
2152 5171 2295 5235 obe-

813 5292 830 5330 1
857 5292 1092 5357 Gregun,
1118 5291 1325 5354 Horat„
1357 5292 1446 5343 lib.
1484 5293 1669 5357 xxvi,
1697 5306 1745 5345 c.
1775 5303 1892 5356 xm,
1920 5293 1990 5345 al.
2021 5304 2094 5358 11,
2124 5307 2176 5345 n.
2211 5298 2288 5347 21.

754 5388 806 5397 -
839 5363 856 5392 ²
885 5363 1014 5427 Aug.
1039 5387 1104 5400 —
1127 5363 1151 5399 ⁸
1175 5364 1312 5416 Psal.
1347 5375 1558 5427 mxvu,
1588 5365 1755 5416 6446.
1777 5390 1840 5404 —
1869 5366 1891 5400 δ
1914 5366 2119 5426 Hatria..
2159 5380 2289 5433 xxii,

752 5435 855 5483 6-7.
891 5457 952 5469 -
990 5433 1013 5468 ⁸
1049 5434 1214 5486 Gloss.
1252 5449 1316 5486 ex
1356 5435 1480 5485 Bed-
1519 5437 1574 5484 in
1613 5435 1748 5500 buc„
1783 5436 1873 5487 lib.
1916 5439 1981 5499 V,
2023 5452 2072 5489 c.
2114 5443 2194 5492 80.
2228 5465 2291 5481 -

749 5504 772 5544 θ
800 5504 935 5567 buc„
967 5515 1080 5572 xix,
1106 5508 1182 5560 ⁴⁴.
1214 5531 1274 5545 -
1300 5506 1323 5544 '¹
1348 5505 1488 5563 Psal.
1519 5518 1718 5576 uxvu,
1745 5511 1826 5574 22,
1851 5512 1932 5560 26.

1836 512 2254 583 SERMONES
2297 512 2399 580 DE
2438 513 2828 584 TEMPORE.

2391 649 2667 731 dientiae,
2712 671 2861 737 quae
2910 654 3190 722 humiles
3233 657 3315 722 ad
3365 660 3609 724 tantam
3650 662 3891 728 nominis

2391 758 2829 827 excellentiam
2864 763 3161 845 sustollit,
3204 768 3276 828 ut
3313 764 3526 848 potius
3574 766 3684 832 Dei
3716 769 3890 849 amici,

2392 885 2591 950 quam
2617 869 2840 935 famuli
2866 870 3388 938 denominentur!
3412 872 3487 938 Et
3506 892 3548 939 o
3574 875 3894 943 detestabile

2394 974 2650 1056 vitium,
2678 976 3051 1058 arrogantia
3074 979 3543 1062 inobedientiae‚
3562 1000 3711 1066 quae
3725 984 3895 1051 dean-

2396 1081 2546 1164 gelo
2574 1083 2720 1148 tecit
2762 1083 3112 1166 diabolum,
3152 1087 3234 1152 de
3274 1088 3619 1157 innocuite
3650 1097 3893 1176 poecao·

2392 1192 2571 1254 remi

2476 1296 2771 1365 Secundo
2816 1299 3019 1370 audio
3052 1300 3133 1369 de
3170 1306 3227 1370 te
3260 1303 3774 1371 malevolentiam
3802 1308 3897 1371 im-

2395 1405 2648 1489 pietatis
2686 1411 2751 1472 et
2793 1405 3050 1475 invidiae
3068 1457 3086 1488 ,
3129 1409 3515 1477 effundentis
3550 1414 3901 1496 sanguinem

2396 1511 2701 1578 humanae
2726 1516 3014 1594 naturae;
3051 1515 3223 1579 unde
3240 1515 3303 1577 ⁸:
3339 1537 3371 1576 α
3392 1513 3653 1600 Reliqui
3679 1536 3819 1584 vero
3836 1523 3905 1584 ts-

2396 1619 2683 1680 nuerunt
2714 1635 2936 1683 servos
2960 1621 3018 1700 ej
3029 1637 3133 1697 us,
3163 1623 3227 1684 et
3253 1620 3668 1686 coutumeliis
3692 1624 3907 1688 affectus

2397 1723 2786 1790 occiderunt.
2818 1724 2955 1791 Rex
2979 1744 3132 1791 cum
3171 1727 3452 1792 audisset
3477 1730 3691 1796 iratus
3724 1737 3839 1809 est,
3860 1735 3910 1796 ct

2401 1830 2612 1895 missis
2636 1832 3021 1897 exercitibus
3063 1834 3198 1899 suis
3212 1882 3236 1914 ‚
3274 1834 3549 1917 perdidit
3596 1838 3910 1903 homicidas

2398 1937 2565 2003 illos.
2598 1960 2628 1998 ι)
2663 1938 2920 2022 Reliqui
2959 1958 3091 2005 non
3130 1945 3380 2006 tantum
3419 1946 3913 2029 contempserunt

2399 2047 2622 2113 venire
2681 2047 2761 2111 ad
2832 2045 3066 2130 fldem3
3134 2050 3268 2116 imo
3333 2054 3689 2118 tenuerunt
3730 2071 3913 2118 servos

2400 2154 2508 2220 Dei
2534 2154 2871 2238 apostolos,
2904 2159 2969 2219 et
2993 2156 3391 2222 contumeliis
3412 2158 3681 2225 affectos
3702 2161 3911 2226 occide-

2399 2264 2576 2327 runt.
2608 2262 2748 2329 Rex
2789 2268 3000 2330 autem
3026 2280 3171 2330 cum
3209 2264 3497 2335 audisset
3525 2286 3755 2333 vocem
3790 2287 3911 2332 san-

2398 2368 2619 2452 guinis
2646 2368 2726 2434 ad
2752 2387 2821 2434 se
2850 2369 3182 2435 clamantis
3216 2370 3296 2436 de
3329 2377 3531 2454 terra,
3572 2377 3791 2444 francs
3818 2383 3908 2456 eet,

2400 2477 2466 2541 id
2491 2481 2618 2554 est,
2648 2476 3003 2542 secuudum
3046 2476 3364 2560 Glossam,
3394 2497 3547 2544 cum
3573 2483 3912 2566 tranquilli·

2400 2587 2528 2649 tate
2555 2583 2850 2666 ,iudicans
2888 2585 2956 2648 in
2983 2584 3295 2650 ultionem
3330 2589 3602 2668 exarsit,
3635 2597 3700 2658 et
3723 2593 3915 2658 missis

2402 2691 2790 2759 exercitibus
2810 2693 2952 2758 suis
2980 2689 3279 2757 Romanis
3302 2695 3424 2759 sub
3449 2694 3591 2760 Tito
3622 2702 3689 2763 et
3714 2698 3916 2782 Vespa-

2401 2799 2602 2877 siano,
2633 2799 2798 2864 sicut
2819 2799 2969 2865 dicit
2994 2800 3232 2881 Glossa,
3256 2801 3549 2884 perdidit
3573 2804 3917 2873 homicidas

2401 2905 2571 2986 illos,
2589 2913 2645 2974 et
2659 2908 2994 2975 civitatem
3010 2907 3290 2989 morunt,
3309 2909 3544 2976 scilicet
3557 2911 3915 2992 Jerusalem,

2399 3013 2751 3082 succendit.
2791 3039 2821 3076 α
2851 3014 3010 3081 Cum
3049 3016 3401 3083 Jerusalem
3439 3018 3587 3084 inde
3632 3022 3718 3087 sit
3752 3041 3915 3087 coiis-

2401 3127 2608 3187 tructa
2619 3126 2803 3188 extra
2817 3127 3091 3205 portam,
3112 3124 3225 3189 ubi
3244 3123 3408 3190 Deus
3425 3127 3781 3194 crucifixus
3794 3129 3912 3209 luit,

2400 3235 2661 3313 apparet
2681 3229 2856 3295 illam
2882 3229 3233 3312 Jerusalem
3258 3249 3342 3297 ex
3357 3235 3484 3297 toto
3505 3233 3709 3301 fuisse
3730 3237 3919 3302 incen-

2399 3357 2539 3402 sam
2576 3341 2640 3403 et
2676 3338 3083 3420 destructam,
3113 3362 3146 3400 ι»
3192 3341 3546 3405 secundum
3590 3345 3770 3425 quod
3792 3345 3920 3409 dicit

2401 3446 2659 3510 Glossa⁸
2700 3464 2895 3530 super
2921 3447 3078 3513 illud
3101 3455 3125 3490 ⁸
3157 3469 3173 3511 :
3206 3449 3352 3516 Non
3384 3450 3752 3535 relinquen
3784 3454 3855 3519 in
3874 3458 3919 3520 te

2401 3553 2682 3646 lapidem
2706 3570 2895 3637 super
2915 3554 3221 3638 lapidem.
3254 3555 3368 3621 Vel
3391 3559 3613 3625 missis
3644 3563 3920 3629 wasiti-

2401 3662 2518 3730 bus
2543 3664 2706 3744 suis,
2730 3664 2795 3729 id
2822 3668 2917 3729 est
2941 3664 3213 3747 angelis,
3243 3666 3595 3733 secundum
3625 3668 3914 3748 Glossam,

2399 3789 2515 3854 per
2540 3789 2701 3854 quos
2728 3771 3038 3855 judicium
3060 3775 3397 3854 exercebit,
3416 3776 3720 3858 perdidit
3740 3780 3919 3845 Muti-

2399 3878 2606 3960 cidas‚
2635 3880 2701 3943 id
2727 3884 2824 3943 est
2847 3884 3096 3964 sanctos
3115 3888 3585 3965 persequentes,
3618 3892 3681 3953 et
3704 3888 3920 3954 eivita-

2400 3993 2520 4054 tem
2542 3986 2898 4066 succendit,
2926 3987 2991 4051 id
3017 3991 3135 4065 est,
3164 4006 3455 4071 carnem,
3485 3991 3554 4056 in
3585 4011 3723 4077 qua
3758 3995 3917 4059 habi-

2401 4096 2557 4161 tavit
2587 4094 2687 4178 (e),
2718 4095 2787 4159 in
2815 4095 3117 4177 gehenna
3140 4097 3469 4162 cremabit.

2477 4202 2711 4281 Tertio,
2738 4201 2939 4270 audio
2960 4201 3040 4269 de
3069 4209 3128 4270 te
3148 4203 3643 4272 demulcentiam
3670 4210 3921 4275 carnalis

2397 4309 2679 4375 lasciviae
2713 4310 3141 4376 subvertentis
3181 4311 3535 4395 imaginem
3572 4315 3811 4383 divinae
3832 4335 3915 4382 es-

2401 4419 2660 4497 sentiae3
2698 4416 2870 4483 unde
2907 4416 2979 4481 in
3019 4417 3271 4483 Psalmo
3299 4420 3322 4454 '¹
3367 4440 3383 4479 ε
3435 4443 3468 4481 α
3505 4420 3922 4491 Tentaverunt

2402 4524 2600 4590 Deum
2617 4571 2635 4601 ,
2663 4528 2740 4589 ut
2764 4527 3052 4607 peterent
3083 4541 3294 4590 escam
3328 4527 3675 4594 animabus
3696 4532 3860 4609 suis;
3886 4551 3913 4590 ι

2402 4634 2466 4696 et
2492 4630 2782 4714 sequitur
2810 4648 2828 4695 ε
2852 4653 2884 4692 <1
2908 4629 3054 4697 Ideo
3081 4633 3327 4700 audivit
3351 4635 3682 4719 Dominus,
3714 4644 3778 4705 et
3801 4640 3919 4704 dis-

2401 4738 2586 4806 tulit:
2618 4743 2682 4803 et
2701 4738 2801 4802 ira
2823 4738 3145 4803 succendit
3166 4742 3255 4821 (Ῑ)
3280 4740 3348 4805 in
3366 4739 3583 4823 Jacob,
3611 4749 3679 4809 et
3702 4746 3803 4810 ira
3824 4743 3921 4810 Dei

2403 4845 2474 4910 iu
2501 4845 2712 4910 lsrael.
2748 4866 2779 4905 t
2806 4843 2843 4910 J
2847 4845 3013 4911 udaei
3039 4848 3321 4913 carnales
3348 4854 3412 4913 et
3440 4849 3676 4934 gulosi,
3723 4853 3921 4918 statim

2404 4957 2475 5018 ut
2495 4952 2665 5036 passi
2681 4955 2836 5017 snut
2846 4953 3101 5033 tamem,
3117 4956 3517 5038 appetierunt
3526 4975 3666 5024 esse
3678 4960 3749 5024 in
3766 4965 3921 5025 terra

2400 5061 2664 5145 AEgypti
2686 5079 2880 5145 super
2899 5060 3057 5126 ollas
3077 5062 3372 5129 carnium
3394 5085 3410 5128 ε
3439 5082 3557 5131 nec
3578 5067 3790 5134 adime
3806 5069 3921 5133 suf·

2400 5170 2545 5235 fecit
2568 5170 2661 5233 eis
2684 5186 2945 5252 peecare
2968 5172 3224 5252 metato
3265 5170 3473 5253 giilae,
3501 5175 3921 5259 concupientis

2463 5294 2532 5358 (a)
2554 5294 2677 5345 Coet.
2704 5292 2832 5344 edit.
2850 5293 2969 5359 quia
2986 5307 3112 5346 non.
3130 5320 3193 5334 -
3215 5295 3287 5360 (ὁ)
3306 5296 3429 5347 Item
3452 5299 3703 5363 compulsi
3725 5301 3916 5351 iau-ant.

2399 5393 2462 5405 -
2489 5367 2556 5430 (c)
2591 5366 2717 5418 Cet.
2745 5366 2865 5418 edit.
2904 5367 3049 5418 deest
3080 5371 3146 5418 te.
3177 5395 3236 5405 —
3272 5368 3351 5432 (d)
3391 5369 3513 5420 Coet.
3542 5370 3666 5424 edit.
3693 5383 3918 5437 arrogan-

2397 5438 2545 5563 gaam.
2563 5463 2626 5476 —
2654 5437 2716 5503 (e)
2744 5437 2923 5505 Suppl.
2949 5438 3137 5491 anima.
3160 5464 3223 5480 —
3252 5441 3321 5504 (f)
3360 5440 3504 5507 Vulq.
3532 5441 3664 5510 iguis
3686 5454 3917 5496 scaenas
