4059 6317
901 467 1284 541 DOMINICA
1323 467 1380 535 11
1422 463 1506 534 m
1543 461 2189 547 QnAmGusmA.
2228 466 2499 535 SERMO
2542 466 2646 535 IV.

213 629 384 696 quem
400 610 673 693 elegisti,
693 613 758 676 et
775 606 1172 693 assumpsisti
1185 629 1204 671 z
1223 601 1534 671 habitabit
1548 603 1628 684 (a)
1646 601 1717 666 in

206 719 529 784 affluitis.
557 739 592 779 ι
619 720 1050 801 Beatusquem
1081 713 1335 797 stauisti
1364 711 1446 777 ad
1476 712 1718 775 statum

205 826 440 892 actionis
492 843 614 909 per
651 824 1026 890 exa-citium
1079 822 1266 886 honae
1310 817 1714 901 operationis,

207 939 256 1001 et
289 935 702 1016 assumpsisti
758 932 841 997 ad
893 934 1129 995 datum
1173 925 1719 1009 contemplationis

204 1046 742 1126 peraugmentum
767 1037 1139 1103 dilectionis.
1167 1033 1503 1102 Habitetis
1530 1034 1613 1116 (a)
1642 1035 1719 1099 in

203 1149 380 1215 atriis
399 1150 538 1214 tuis
570 1165 687 1231 per
723 1144 1263 1212 continuationem
1308 1141 1555 1208 devotae
1581 1159 1719 1207 ora-

202 1255 386 1320 tionis.
414 1254 493 1320 Et
521 1253 810 1337 procedit
841 1253 1026 1318 valde
1049 1251 1337 1316 ordinate
1376 1248 1714 1333 Propheta,

202 1381 267 1428 eo
288 1363 446 1446 quod
472 1363 687 1428 otium
712 1362 865 1428 vitae
889 1358 1418 1442 contemplativas,
1452 1374 1600 1439 quae
1625 1365 1721 1420 est

198 1471 326 1536 finis
364 1470 516 1536 vitas
569 1469 819 1548 actim,
863 1465 1298 1551 prasupponit
1344 1464 1720 1530 exercitium
1784 1537 1792 1544 ,

199 1579 419 1643 activae.
449 1576 637 1642 Unde
651 1575 998 1657 Gregorius
1014 1571 1082 1638 in
1105 1571 1453 1640 Moralibus
1473 1572 1492 1606 ¹
1509 1592 1527 1634 ι
1542 1592 1574 1630 α
1596 1568 1720 1646 Qui

197 1683 732 1768 contemplationis
769 1699 985 1746 arcem
1015 1680 1087 1764 (b)
1129 1678 1509 1756 desiderant,
1539 1675 1720 1759 prius

197 1811 299 1877 per
317 1791 701 1858 exercitium
725 1789 797 1854 in
823 1805 1048 1872 campo
1074 1784 1458 1871 opes-ationis
1483 1801 1553 1847 se
1579 1799 1721 1866 pro-

195 1901 351 1965 bent.
390 1922 424 1960 n

262 2006 562 2089 Sequitur
599 2002 898 2081 secundo,
935 2000 1171 2066 scilicet
1212 1998 1442 2064 devota
1476 2013 1721 2080 praepa-

196 2114 340 2180 ratio
361 2111 734 2178 affectuosae
769 2108 1174 2189 elevationis,
1218 2125 1368 2172 cum
1408 2106 1557 2172 dicit
1586 2127 1603 2170 ι
1634 2106 1721 2173 Et

195 2221 370 2287 dumi
393 2235 497 2287 eos
526 2221 611 2286 in
644 2223 922 2285 movilem
966 2216 1304 2295 excelsum,
1343 2218 1418 2278 ut
1453 2232 1569 2296 per
1595 2213 1720 2277 hoe

197 2328 426 2407 innuat,
478 2325 666 2410 quod
710 2325 827 2407 qui
874 2323 1149 2405 gloriam
1185 2322 1533 2404 majestatis
1579 2319 1722 2389 vult

194 2436 408 2515 videre,
437 2438 734 2499 mentem
767 2432 844 2496 in
867 2431 1188 2496 excelsum
1214 2429 1565 2494 devotionis
1607 2428 1715 2493 de-

193 2540 288 2606 bet
332 2541 613 2607 elevare.
679 2538 804 2604 Per
868 2541 1151 2604 montem
1205 2535 1380 2601 enim
1399 2583 1419 2614 ‚
1475 2534 1720 2599 ratione

194 2667 434 2718 suarum
473 2649 690 2715 trium
739 2647 1196 2731 proprietatum
1216 2694 1237 2724 ,
1272 2644 1722 2711 convenienter

193 2751 358 2819 datur
418 2751 710 2834 intelligi
773 2750 985 2816 dehita
1048 2747 1427 2832 praeparatio
1489 2745 1720 2829 praela-

197 2863 384 2924 torum
401 2909 425 2940 ,
495 2859 872 2926 activorum
928 2862 991 2922 et
1047 2854 1717 2939 contemplativorum.

199 2964 334 3032 Nam
361 2986 561 3034 mons
588 2971 690 3032 eet
720 2964 965 3030 situalis
985 2963 1352 3028 eminentiae
1365 3010 1384 3041 ‚
1428 2961 1720 3027 immobi-

197 3074 262 3139 lis
281 3074 724 3158 persistentiae,
754 3075 821 3137 et
845 3071 1122 3136 liberalis
1141 3069 1715 3149 communicantiae‚

191 3182 310 3247 sive
359 3179 922 3249 communicabilis
969 3175 1341 3260 influamiae.
1414 3175 1721 3242 Videmus

193 3291 346 3354 enim
367 3291 436 3355 in
451 3292 685 3354 monte
710 3285 1113 3351 altitudinem
1139 3283 1523 3362 situationis,
1549 3282 1724 3348 forti-

192 3397 456 3462 tudinem
485 3392 1012 3462 incommotionis
1038 3396 1102 3457 et
1126 3390 1532 3458 diffusionem
1557 3408 1724 3455 cem-

187 3504 652 3570 municationis.
717 3500 902 3568 Ducit
949 3517 1111 3581 ergo
1162 3499 1374 3581 primo
1425 3497 1722 3581 praelatos

187 3612 248 3676 in
275 3618 564 3680 montem
601 3607 872 3678 situalis'
884 3608 1269 3685 eminentiae,
1313 3610 1574 3690 propter
1614 3624 1718 3671 re-

181 3721 532 3804 ceptionem
567 3717 950 3803 primariam
985 3715 1224 3781 divinae
1269 3713 1718 3780 irradiationis.

185 3825 464 3894 Secundo
491 3828 677 3894 ducit
718 3826 961 3892 activos
993 3825 1065 3888 in
1101 3827 1384 3889 montem
1417 3822 1718 3887 immobi-

179 3933 254 4000 lis
283 3936 750 4018 maenum,
785 3950 905 4016 per
931 3932 1280 3996 virtuosam
1324 3928 1723 3995 tolerantiam

179 4044 567 4116 omnimodae
605 4040 1061 4107 tribulationis.
1105 4038 1319 4104 Tertio
1351 4038 1530 4102 ducit
1566 4054 1719 4109 con·

181 4151 588 4234 templativos
623 4150 696 4214 in
720 4152 1009 4214 montem
1045 4145 1324 4211 liberalis
1357 4144 1721 4210 communi·

177 4258 439 4337 oentiae,
498 4260 771 4341 propter
818 4253 1261 4319 charitativam
1312 4252 1720 4317 diffusionem

179 4366 476 4445 minine
509 4362 1007 4448 praefficutionis.
1035 4361 1257 4427 Primo
1291 4359 1476 4425 duxit
1502 4360 1724 4442 praela-

179 4470 307 4536 tos
285 4490 356 4538 m
397 4475 699 4537 montem
738 4467 992 4534 niualis
1023 4467 1418 4546 eminentiae,
1462 4469 1723 4549 propter

177 4579 552 4658 primurm
573 4577 999 4660 receptionem
1016 4575 1253 4640 ffivinae
1275 4573 1717 4642 irradiationis

175 4683 278 4750 Sol
299 4687 482 4752 enim
509 4686 734 4769 primo
753 4683 1021 4748 &radiet
1043 4685 1318 4760 montes,
1337 4680 1561 4747 deinde
1582 4680 1723 4745 illu·

176 4793 369 4859 minat
391 4794 611 4860 valles
640 4814 656 4858 :
679 4792 771 4856 sic
796 4790 1069 4873 praelati,
1090 4794 1398 4872 tanquam
1419 4788 1721 4853 sublimes

173 4906 415 4966 mentes
431 4949 456 4980 ‚
507 4900 758 4966 divinae
807 4897 971 4963 lucis
1016 4898 1454 4963 irradiationes
1491 4896 1724 4961 debent

175 5004 1722 5094 nimoinsemcipoee,etdehdeperhonae

175 5118 318 5183 vite
339 5117 658 5200 exempla
693 5117 766 5181 in
801 5115 1111 5192 subditos,
1137 5118 1445 5196 tanquam
1485 5112 1556 5175 in
1596 5110 1726 5176 val-

169 5218 1721 5306 leutrmismittoealindedebonopraelutedi-

237 5381 1528 5454 ¹Gmg.,uoe·1.,1ib.v1,.,.‚exvnnlmvn
1555 5381 1719 5431 n59.

181 5460 501 5522 -—².,11·:a=0d
527 5455 1464 5521 xv,in.—-¹·erog.,1>aaeor..,cur
1492 5452 1721 5516 partu

3246 473 3362 537 159

1825 603 1993 669 citur
2015 606 2078 668 ⁸:
2109 627 2139 667 ι
2155 604 2417 688 Inspice,
2444 607 2508 669 et
2525 603 2623 668 sac
2649 601 3000 668 meandum
3037 605 3366 689 exemplar

1825 710 1997 792 quod
2019 711 2135 776 tibi
2176 714 2597 777 monstratum
2640 713 2734 774 est
2777 710 2848 773 in
2889 716 3107 776 monte
3149 711 3292 775 hoc.
3326 732 3356 771 ι

1827 819 1907 885 Et
1949 821 2072 886 hoc
2110 825 2207 887 est
2226 869 2242 899 ,
2306 823 2459 906 quia
2499 822 2636 888 vita
2678 820 2926 904 praelati
2973 820 3366 904 imprimitur

1828 929 2000 993 cordi
2028 930 2429 996 subditorum
2445 977 2462 1008 ,
2504 932 2579 995 ut
2606 928 2689 993 sit
2727 928 2891 994 sicut
2927 927 3134 992 forma
3168 925 3364 1010 sigilli

1825 1052 2014 1116 cerae,
2043 1055 2120 1102 eo
2146 1036 2317 1120 quod
2345 1036 2489 1120 plus
2534 1038 2794 1102 movent
2839 1035 3031 1101 corda
3074 1034 3366 1100 subdito-

1827 1160 1976 1207 rum
2002 1160 2270 1225 operum
2311 1143 2634 1226 exempla,
2686 1161 2882 1225 quam
2920 1143 3140 1208 verba.
3187 1141 3366 1208 Unde

1829 1248 2177 1330 Gregorius
2212 1250 2281 1313 in
2321 1249 2627 1315 Pastorali
2660 1250 2683 1286 ⁸
2713 1272 2730 1314 ε
2771 1273 2803 1311 α
2851 1249 3115 1316 Actione
3159 1254 3367 1316 rector

1826 1355 2227 1439 praecipuus,
2258 1359 2335 1421 ut
2377 1358 2530 1422 vitae
2570 1357 2847 1423 vivendo
2889 1357 3155 1422 subditis
3191 1358 3367 1425 viam

1824 1461 2175 1542 denuntiet,
2212 1465 2277 1526 et
2303 1481 2469 1545 grex
2508 1464 2621 1548 qui
2660 1465 2925 1547 pastoris
2967 1482 3190 1530 vocem
3219 1483 3365 1529 mo-

1826 1585 2095 1652 remque
2129 1569 2198 1651 (c)
2244 1571 2556 1654 sequitur,
2603 1589 2717 1655 per
2759 1571 3052 1655 exempla
3095 1571 3361 1653 melius,

1826 1694 2023 1757 quam
2050 1695 2165 1760 per
2207 1678 2406 1743 verba
2446 1677 2799 1759 gradiatur.
2842 1699 2874 1738 n
2910 1678 2999 1743 De
3038 1697 3169 1762 quo
3212 1680 3368 1744 dici-

1827 1785 1937 1847 tur
1961 1782 1986 1818 ⁵
2016 1800 2035 1845 ε
2075 1805 2106 1844 α
2129 1782 2263 1848 Erit
2294 1801 2481 1850 mons
2506 1785 2736 1850 domus
2763 1785 3024 1850 Domini·
3042 1804 3362 1870 praepara·

1828 1895 1933 1955 tus
1958 1891 2026 1955 in
2056 1892 2291 1957 vertice
2318 1893 2658 1971 montium,
2689 1896 2753 1959 et
2793 1893 3145 1960 elevabitur
3177 1913 3367 1979 super

1827 1997 2015 2062 colles
2038 2047 2056 2077 ,
2109 2004 2173 2064 et
2218 2000 2420 2064 fluent
2455 2000 2535 2064 ad
2584 2019 2733 2065 eum
2781 2019 3002 2066 omnes
3052 2005 3298 2084 gentes.
3324 2025 3355 2064 n

1829 2103 2010 2170 Mons
2053 2105 2173 2171 iste
2208 2110 2605 2190 praeparatus
2638 2108 2709 2172 in
2740 2110 2974 2174 vertice
3008 2111 3321 2176 montium
3338 2159 3364 2192 ‚

1829 2217 1895 2278 et
1918 2211 2213 2278 sublimis
2241 2215 2405 2278 inter
2435 2233 2657 2279 omnes
2682 2214 2902 2297 colles,
2934 2221 3028 2281 est
3064 2217 3369 2301 praelatus

1827 2321 2170 2403 perfectus,
2217 2324 2331 2405 qui
2358 2327 2614 2405 propter
2639 2323 3046 2388 excellentem
3075 2326 3362 2390 eminen-

1827 2428 1986 2492 tiam
2026 2429 2422 2510 evangelicae
2447 2430 2876 2512 perfectionis„
2907 2432 3151 2496 ratione
3178 2435 3279 2515 cuj
3290 2449 3364 2498 us

1826 2535 2077 2600 excellit
2103 2537 2299 2601 etiam
2326 2554 2547 2601 omnes
2570 2537 2855 2602 subditos
2883 2538 2951 2601 in
2978 2538 3131 2618 vita,
3166 2553 3364 2622 quan-

1825 2645 2247 2727 tumcumque
2291 2644 2596 2727 perfectos
2619 2692 2636 2724 ‚
2683 2643 2846 2709 sicut
2890 2645 3040 2710 dicit
3088 2643 3358 2711 Bernar-

1827 2750 1949 2815 dus
1967 2752 1989 2787 ⁸
2013 2769 2031 2816 ε
2059 2775 2089 2813 α
2116 2749 2513 2816 Monstruosa
2530 2769 2633 2816 res
2660 2756 2754 2817 est
2780 2751 3019 2834 gradus
3043 2770 3358 2831 summus,

1827 2861 1892 2921 et
1933 2858 2192 2923 animus
2251 2858 2541 2938 infimus3
2592 2859 2771 2924 sedes
2824 2859 3031 2943 prima
3052 2909 3069 2942 ,
3125 2865 3188 2926 et
3230 2862 3367 2927 vita

1826 2965 1981 3030 ima.
2011 2987 2043 3028 ο
2080 2966 2159 3031 Et
2176 2970 2337 3032 tunc
2358 2967 2563 3032 fluent
2584 2967 2666 3032 ad
2691 2986 2840 3033 eum
2866 2986 3089 3034 omnes
3116 2970 3360 3054 populi,

1826 3077 2084 3156 propter
2110 3073 2437 3140 liberalem
2462 3076 2880 3156 affluentiam,
2913 3078 3050 3142 sive
3083 3078 3364 3144 benevo-

1826 3178 2088 3244 lentiam
2117 3181 2241 3264 pire
2267 3181 2721 3247 subventionis.
2738 3181 2864 3248 Sed
2882 3201 2984 3248 vae
3005 3184 3192 3248 hodie
3211 3204 3367 3269 quo·
3506 3255 3511 3259 .

1826 3287 2129 3351 rumdam
2176 3288 2583 3371 praelatorum
2611 3289 2931 3369 avaritiae,
2964 3291 3080 3372 qui
3120 3291 3209 3358 sic
3252 3309 3363 3375 ap-

1825 3396 2156 3477 propriant
2195 3396 2317 3461 sibi
2344 3398 2677 3461 thesauros
2722 3396 3017 3462 Crucifixi
3031 3446 3052 3477 ,
3098 3398 3281 3481 quasi
3326 3417 3367 3462 a

1826 3503 2191 3568 carnalibus
2233 3505 2605 3587 parentibus
2648 3504 3065 3588 accepissent,
3112 3509 3176 3569 et
3222 3506 3365 3587 pin-

1829 3614 2038 3691 guant
2064 3610 2213 3675 inde
2245 3617 2539 3694 nepotes,
2580 3613 2783 3677 ditant
2826 3614 3364 3696 consanguineos,

1828 3721 1892 3780 et
1918 3716 2038 3799 ipsi
2066 3721 2294 3781 vacant
2320 3718 2474 3782 cibis
2500 3722 2562 3783 et
2603 3720 2855 3801 potibus
2893 3721 3210 3786 delicatis!
3241 3721 3363 3787 Sed

1827 3826 1994 3887 certe
2019 3823 2175 3888 tales
2216 3828 2369 3888 sunt
2391 3825 2564 3888 fures
2608 3829 2672 3889 et
2716 3825 3023 3903 latrones,
3068 3831 3131 3892 et
3171 3828 3365 3893 etiam

1826 3929 2066 3994 loculos
2087 3930 2348 4010 habent,
2378 3949 2455 3995 eo
2483 3931 2652 4015 quod
2679 3932 2897 3997 omnia
2924 3951 3073 4016 quae
3104 3935 3365 4000 mittun-

1824 4043 1933 4103 tur
1972 4040 2393 4123 pauperibus‚
2435 4045 2691 4124 portant
2741 4044 3259 4125 consanguineiS,
3302 4025 3367 4109 et

1825 4147 2190 4230 nepotibus,
2238 4152 2303 4211 et
2346 4147 2692 4212 carnalitati
2739 4150 2939 4230 gulae.
2988 4149 3065 4215 Et
3108 4155 3365 4234 propter

1825 4252 1946 4318 hoc
1974 4253 2160 4318 multi
2197 4253 2463 4336 praelati,
2497 4254 2640 4320 licet
2668 4256 2915 4321 ratione
2942 4260 3142 4322 status
3168 4258 3365 4323 indu-

1825 4365 1973 4425 cant
2011 4359 2234 4426 Jesum
2284 4379 2489 4444 usque
2528 4362 2595 4424 in
2636 4362 3046 4445 supercilium
3094 4366 3364 4448 montis,

1824 4472 2042 4532 tamen
2058 4466 2205 4532 inde
2224 4468 2620 4551 praecipitant
2641 4470 2879 4534 eumin
2903 4471 3198 4537 cordibus
3219 4473 3367 4537 sub-

1825 4574 2105 4639 ditorum
2124 4623 2140 4655 ‚
2193 4581 2450 4657 propter
2498 4574 2666 4640 mala
2714 4577 3008 4660 exempla
3058 4600 3074 4643 2
3130 4578 3367 4663 quibus
3432 4608 3441 4619 ·

1824 4682 2024 4764 longe
2052 4682 2282 4747 melius
2307 4682 2527 4747 fuisset
2550 4686 2683 4748 toto
2720 4689 3006 4768 tempore
3040 4687 3191 4752 vitae
3227 4705 3364 4753 suae

1825 4790 2071 4855 stetisse
2098 4792 2166 4854 in
2186 4791 2409 4874 plano,
2451 4791 2605 4873 quia
2636 4798 2874 4875 quanto
2914 4799 3115 4859 status
3154 4795 3360 4876 altior,

1823 4900 2002 4962 tanto
2028 4914 2215 4961 casus
2255 4898 2541 4979 gravior.
2584 4897 2875 4965 Secundo
2916 4901 3097 4966 duxit
3124 4902 3365 4968 activos

1825 5005 1895 5069 in
1925 5009 2208 5070 montem
2239 5004 2585 5069 immobilis
2627 5006 3045 5090 persistentiae
3059 5058 3076 5091 ,
3109 5013 3367 5092 propter

1826 5113 2180 5178 virtuosam
2224 5111 2623 5177 tolerantiam
2669 5113 3054 5179 omnimodae
3096 5114 3360 5181 tribula-

1827 5322 1993 5375 c.,111
2023 5308 2371 5362 al..x1v-⁴
2403 5310 2529 5375 Im„
2554 5311 3027 5376 n‚¹..‚-⁸Beru
3055 5312 3369 5378 deeonsid„

1825 5381 1913 5433 lib.
1939 5382 2002 5444 11,
2026 5379 3367 5450 0.v11‚n.u.(a)Vu19inhabitahit.—(b)8uppe.

1828 5456 2024 5501 tenere.
2054 5478 2117 5489 —
2092 5453 2211 5516 (c)
2241 5449 2327 5502 Al.
2354 5463 2647 5515 moresque.
