4059 6317
1294 512 1398 585 DE
1439 519 1506 586 S.
1553 508 1976 585 AMBROSIO.
2021 512 2289 584 SERMO
2332 514 2410 583 n.
3328 512 3446 589 ³0¹5

1905 652 2259 729 improvisas
2281 654 2350 729 (α)
2378 652 2626 712 invadit.
2656 652 2770 714 Leo
2798 654 2977 714 etiam
2997 652 3145 714 dum
3161 655 3444 731 famescit,
3530 673 3685 715 1320„-

1907 753 1972 807 ut
2008 749 2226 810 bestias
2275 748 2626 823 improvisas
2672 748 2748 824 (α)
2790 748 3074 807 invadere
3128 748 3332 823 possit,
3386 749 3449 807 in
3476 735 3614 792 plum·

259 658 483 732 cendo,
525 660 586 718 et
607 654 1028 734 prodicand03
1056 654 1206 712 sicut
1231 657 1318 713 est
1357 653 1696 730 exemplum
1719 653 1797 712 de

259 754 436 813 beato
462 752 811 824 Augustino,
838 763 1019 825 quem
1041 748 1385 807 Ambrosius
1412 747 1794 822 proedicando

258 845 561 906 convertit.
607 847 749 904 Item
783 845 1027 917 peccata
1071 841 1412 914 detegebat,
1462 846 1520 899 et
1571 856 1798 900 errores

257 939 619 1010 destruebat,
654 937 912 995 rationes
939 935 1368 994 efficacissimas
1406 935 1796 1005 ostendendo,

257 1040 314 1093 et
362 1034 651 1107 arguebat
695 1030 932 1089 nullum
988 1029 1280 1101 timendo,
1336 1029 1484 1087 sicut
1534 1033 1695 1103 patet
1734 1028 1799 1087 in

217 1163 232 1175 ·
258 1126 531 1203 exemplo
581 1126 658 1184 de
710 1123 1041 1183 Theodosio
1081 1123 1466 1198 imperatore,
1510 1137 1691 1196 quem
1718 1122 1796 1180 ab

258 1222 518 1282 ecclesias
541 1221 806 1295 ingressu
823 1217 1150 1295 prohibuit,
1173 1221 1232 1275 et
1259 1217 1335 1276 de
1363 1221 1599 1292 peccato
1629 1217 1798 1293 quod

258 1318 460 1391 egerat
482 1314 659 1373 valde
685 1311 1021 1385 redarguit,
1052 1316 1109 1370 et
1144 1311 1225 1369 ad
1270 1311 1676 1387 poenitentiam
1702 1328 1798 1369 as·

254 1409 415 1487 peris
453 1408 652 1467 verbis
683 1405 936 1464 induxit.
973 1408 1121 1478 Lege
1157 1404 1219 1462 in
1255 1405 1524 1477 Legenda
1576 1409 1786 1477 totum,

258 1504 402 1579 quia
427 1501 604 1560 valde
631 1505 716 1559 est
747 1496 1012 1559 notabile
1042 1498 1382 1573 exemplum
1402 1542 1422 1571 ,
1464 1502 1522 1557 et
1554 1504 1800 1575 propter

255 1598 645 1658 humilitatem
692 1594 1063 1672 imperatoris
1116 1593 1197 1652 ad
1247 1593 1687 1669 poenitendum,
1740 1598 1800 1655 et

256 1697 498 1768 propter
537 1689 926 1749 constantiam
967 1688 1219 1763 pastoris
1264 1687 1345 1746 ad
1397 1689 1795 1761 arguendum.

258 1787 407 1858 Quia
432 1800 577 1860 ergo
601 1783 948 1843 Ambrosius
974 1785 1103 1841 erat
1129 1782 1237 1840 lux
1271 1782 1570 1841 malorum
1597 1784 1798 1842 detec-

255 1880 379 1939 tiva
400 1882 458 1938 et
480 1877 801 1952 arguitiva‚
831 1881 889 1935 et
928 1876 1003 1935 ad
1045 1876 1351 1934 veritatem
1377 1876 1796 1950 illuminativa,

257 1979 382 2033 erat
396 1971 681 2031 hoereticis
699 1969 877 2028 valde
900 1970 1165 2029 odiosus.
1186 1973 1334 2045 Nam
1348 1970 1631 2046 scriptum
1643 1977 1729 2029 est
1743 1973 1763 2008 ¹
1777 1989 1794 2030 ε

260 2086 293 2122 α
312 2069 435 2125 Lux
459 2065 624 2124 venit
643 2065 707 2122 in
733 2064 1058 2135 mundum,
1087 2068 1148 2122 et
1172 2063 1505 2123 dilexerunt
1528 2064 1801 2125 homines

257 2161 449 2235 magis
487 2160 762 2238 tenebras
810 2174 994 2234 quam
1041 2157 1271 2230 lucem3
1312 2160 1480 2216 erant
1514 2160 1674 2217 enim
1699 2176 1803 2218 eo-

253 2272 394 2315 rum
445 2270 628 2330 opera
674 2253 854 2311 mala.
910 2252 1111 2312 Omnis
1157 2252 1317 2311 enim
1342 2251 1484 2327 (ait),
1511 2252 1617 2327 qui
1643 2253 1799 2312 male

256 2350 399 2424 agit,
426 2348 554 2406 odit
577 2348 796 2418 lucem,
822 2352 877 2405 et
905 2362 1030 2404 non
1056 2345 1221 2404 venit
1246 2345 1325 2404 ad
1354 2345 1571 2420 lucem,
1592 2351 1657 2404 ut
1676 2361 1800 2406 non

256 2445 584 2517 arguantur
625 2455 810 2517 opera
836 2442 983 2514 ejus·
1032 2440 1143 2510 Qui
1188 2442 1386 2498 autem
1428 2439 1568 2499 facit
1593 2441 1802 2499 verita·

254 2542 406 2610 tem,
450 2536 613 2594 venit
647 2535 727 2593 ad
772 2535 1002 2606 lucem,
1046 2536 1112 2592 ut
1148 2531 1590 2592 manifestentur
1618 2548 1803 2609 opera

258 2632 418 2705 ejus,
462 2629 605 2705 quia
648 2630 711 2688 in
749 2631 865 2687 Deo
908 2628 1045 2685 sunt
1080 2626 1254 2686 facta.
1297 2648 1327 2683 ιι
1373 2626 1537 2685 Unde
1572 2627 1688 2686 hoc
1717 2630 1803 2685 est

256 2723 437 2782 valde
466 2727 672 2782 contra
699 2721 1021 2792 haereticos,
1056 2720 1161 2795 qui
1188 2719 1251 2777 in
1277 2718 1539 2778 latibulis
1561 2720 1798 2794 docent,

260 2822 338 2892 et,
361 2834 531 2876 more
569 2815 768 2875 avium
815 2814 892 2873 de
930 2819 1104 2874 nocte
1146 2814 1579 2885 incedentium,
1606 2814 1801 2873 lucem

260 2913 473 2973 odiunt
501 2929 516 2968 ε
546 2909 706 2968 unde
734 2908 1159 2983 disputationes
1184 2906 1438 2982 fugiunt,
1459 2912 1517 2966 et
1533 2908 1801 2968 conferre

263 3007 339 3066 de
364 3006 607 3065 veritate
633 3008 917 3071 renuunt,
958 3019 1033 3061 ne
1078 3019 1116 3061 a
1162 3001 1296 3060 luce
1333 3002 1594 3060 veritatis
1631 3002 1802 3076 argui

258 3100 505 3176 possint.
565 3099 728 3158 Unde
770 3103 973 3157 contra
1028 3113 1133 3156 eos
1184 3096 1498 3172 Apostolus
1548 3095 1803 3171 loquens

259 3194 577 3265 fidelibus,
602 3191 795 3268 inquit
817 3189 842 3225 ²
870 3211 884 3250 ε
919 3210 950 3248 ι
975 3191 1161 3250 Nolite
1201 3190 1636 3250 communicare
1659 3207 1804 3266 ope-

259 3288 429 3349 ribus
470 3287 844 3346 infructuosis
895 3285 1308 3356 tenebrarum,
1354 3284 1547 3357 magis
1597 3285 1803 3343 redar-

263 3382 444 3458 guite.
470 3382 609 3452 Quae
624 3381 783 3439 enim
809 3381 872 3438 in
900 3378 1138 3439 occulto
1165 3378 1316 3437 fiunt
1344 3379 1423 3436 ab
1451 3378 1615 3453 ipsis,
1630 3383 1802 3454 turpe

263 3482 350 3534 est
378 3475 591 3534 dicere.
622 3466 833 3534 Omnia
859 3477 1079 3543 autem,
1114 3488 1248 3547 quae
1275 3476 1624 3546 arguuntur,
1650 3489 1688 3531 a
1713 3473 1806 3532 lu·

261 3570 421 3627 mine
465 3568 930 3628 manifestantur.
969 3570 1156 3626 Omne
1195 3571 1392 3625 autem
1418 3566 1586 3641 quod
1613 3568 1801 3625 mani-

260 3662 501 3722 festatur
518 3703 537 3733 ,
584 3662 789 3721 lumen
835 3665 940 3720 est.
991 3681 1024 3718 ιι
1073 3663 1368 3734 Rogemus
1412 3674 1553 3732 ergo
1609 3663 1805 3721 Domi-

257 3772 426 3830 num,
455 3759 564 3814 etc.

816 3904 1074 3967 SERMO
1119 3904 1171 3966 11
1199 3903 1244 3967 ⁸.

329 4042 399 4098 ln
423 4039 601 4097 medio
640 4040 891 4096 Ecclesioe
933 4039 1152 4111 apemit
1179 4053 1236 4095 os
1264 4036 1379 4109 ejus
1405 4039 1447 4096 ⁴.
1485 4040 1660 4097 Docet
1685 4041 1803 4099 Do-

255 4132 456 4192 minus
502 4131 821 4207 apostolos,
862 4133 929 4189 ut
971 4146 1096 4189 non
1141 4130 1395 4190 doceant
1441 4131 1506 4188 in
1547 4133 1802 4205 occulto,

257 4228 364 4287 sed
390 4243 625 4302 semper
661 4227 724 4283 in
764 4225 1030 4300 publico,
1060 4228 1118 4283 et
1142 4231 1209 4284 ut
1235 4242 1305 4284 ea
1333 4242 1466 4301 quoe
1494 4226 1808 4286 audierunt

255 4321 322 4380 in
334 4321 542 4391 domo,
558 4319 879 4394 praedicent
896 4334 1074 4393 super
1092 4321 1261 4389 tecta3
1283 4319 1426 4394 quia
1436 4335 1613 4378 omne
1631 4319 1805 4392 illud,

257 4416 429 4492 quod
471 4414 687 4489 refugit
719 4415 978 4487 radium,
1018 4418 1075 4473 et
1112 4415 1371 4474 veritatis
1407 4416 1597 4474 renuit
1626 4432 1801 4490 argu-

256 4513 547 4582 mentum,
592 4510 804 4568 merito
839 4508 982 4566 viris
1019 4508 1297 4567 fidelibus
1334 4512 1420 4566 est
1446 4514 1801 4585 suspectum.

243 4604 425 4663 ·Unde
451 4604 527 4660 de
561 4619 622 4661 se
659 4602 800 4661 dicit
825 4603 1105 4661 Dominus
1130 4601 1152 4637 ⁸
1182 4621 1199 4657 ε
1231 4619 1261 4657 α
1289 4604 1408 4675 Ego
1437 4619 1669 4677 semper
1695 4620 1804 4678 pa·-

258 4697 384 4757 lam
412 4696 592 4756 docui
617 4697 680 4755 in
706 4696 950 4771 templo,
978 4695 1085 4754 ubi
1113 4710 1321 4754 omnes
1342 4697 1720 4769 conveniunt,
1750 4702 1808 4757 et

260 4792 323 4851 in
353 4791 587 4852 occulto
614 4792 845 4850 locutus
883 4807 1017 4848 sum
1053 4789 1222 4847 nihil.
1252 4810 1282 4845 ιι
1308 4790 1471 4848 Unde
1499 4791 1806 4850 concludi-

257 4889 355 4946 tur
383 4885 714 4945 necessario
742 4888 1113 4959 argumento,
1143 4884 1310 4958 quod
1330 4883 1418 4941 illi
1444 4890 1808 4945 recesserunt

259 4995 296 5039 a
320 4980 571 5050 Christo,
599 4978 701 5053 qui
743 4982 947 5037 contra
986 4976 1320 5035 doctrinam
1358 4976 1565 5035 Christi
1590 4979 1805 5053 praedi·

57 5097 225 5140 num·
255 5074 482 5133 cant‘in
513 5072 765 5131 occulto.
795 5075 940 5130 Nam
968 5074 1025 5129 et
1051 5086 1286 5143 aranea,
1310 5070 1452 5145 quia
1473 5088 1595 5131 non
1616 5077 1807 5146 potest

3 5159 145 5215 plum.

255 5167 323 5226 in
347 5166 594 5242 pubssco
619 5181 854 5225 muscas
874 5165 1166 5240 decipere,
1185 5164 1327 5223 telas
1353 5166 1514 5235 texit,
1532 5165 1645 5224 sub
1675 5167 1806 5242 qui·

255 5262 374 5321 bus
397 5276 462 5319 se
491 5259 825 5332 abscondit,
852 5261 911 5318 et
936 5274 1169 5317 muscas
1190 5256 1517 5317 incidentes
1540 5258 1604 5318 in
1625 5260 1804 5320 telam

324 5390 343 5426 ¹
369 5391 536 5447 Joan„
571 5398 655 5448 m,
682 5389 840 5438 iti-24.
864 5412 929 5424 —
956 5386 978 5421 ¹
1007 5384 1211 5450 Ephes„
1241 5397 1289 5447 v,
1328 5387 1490 5437 1143.
1520 5412 1582 5426 —
1612 5389 1634 5424 ⁸
1658 5391 1805 5442 Hunc

255 5477 365 5521 non
389 5462 550 5517 habet
575 5460 698 5513 edit.
729 5460 924 5526 Hagen.
952 5470 1037 5512 an.
1070 5461 1217 5524 1⁴96,
1246 5470 1414 5528 neque
1443 5459 1619 5513 Codex
1649 5464 1801 5516 Aesis.

1906 847 2089 907 antris
2122 862 2184 904 se
2228 842 2558 903 abscondit.
2599 844 2727 901 Non
2772 843 2854 901 sic
2892 842 3203 914 DominuS,
3232 842 3337 901 sed
3370 844 3448 903 ad

1906 940 2161 1001 modum
2175 937 2438 997 liberalis
2458 935 2737 1006 hominis,
2767 935 2873 1010 qui
2897 937 3162 1011 tempore
3193 937 3451 997 carestioe

1905 1035 2179 1094 misertus
2217 1045 2570 1107 pauperum,
2614 1028 2803 1103 aperit
2838 1030 3122 1087 horreum
3160 1044 3356 1103 suum,
3395 1035 3451 1090 et

1906 1127 2270 1204 pauperibus
2314 1125 2417 1184 dat
2456 1124 2840 1195 frumentum,
2877 1124 2959 1181 sic
2997 1129 3055 1182 et
3085 1124 3211 1199 ipse
3240 1127 3448 1193 Docto-

1906 1238 2001 1282 res
2028 1238 2191 1293 suos,
2228 1222 2333 1296 qui
2370 1224 2505 1278 sunt
2538 1236 2714 1277 suum
2749 1219 3051 1291 horreum,
3090 1219 3452 1278 continentes

1906 1316 2210 1393 sapientise
2238 1315 2515 1384 triticum,
2556 1318 2823 1389 tempore
2861 1316 3200 1388 opportuno
3242 1313 3451 1389 aperit,

1906 1429 2016 1489 per
2056 1426 2208 1488 quos
2244 1424 2398 1486 pane
2436 1408 2719 1467 doctrinae
2755 1422 3043 1483 pauperes
3071 1423 3209 1465 suos
3242 1408 3449 1482 pascit,

1909 1512 2053 1582 quia
2091 1503 2113 1538 ⁸
2158 1522 2188 1559 α
2228 1518 2350 1562 non
2387 1502 2451 1560 in
2490 1502 2620 1560 solo
2662 1516 2816 1577 pane
2852 1500 3000 1560 vivit
3040 1500 3246 1573 homo,
3275 1521 3305 1556 ιι
3338 1506 3448 1561 etc.

1906 1603 2051 1658 Vere
2090 1599 2249 1657 enim
2285 1596 2629 1656 Ambrosius
2668 1594 2982 1655 abundans
3009 1594 3290 1653 doctrinae
3311 1595 3453 1653 hor-

1906 1710 2077 1753 reum
2120 1693 2248 1764 fuit,
2286 1692 2454 1766 cujus
2502 1690 2756 1749 triticum
2799 1705 2923 1748 non
2971 1689 3167 1747 solum
3208 1689 3452 1764 provin-

1907 1788 2064 1847 ciam
2091 1803 2274 1845 unam
2315 1784 2534 1857 reiecit,
2563 1784 2669 1842 sed
2696 1782 2892 1858 potius
2919 1787 3102 1842 totum
3136 1783 3452 1858 mundum,

1905 1898 2033 1941 non
2085 1881 2279 1940 solum
2330 1895 2439 1955 per
2482 1894 2727 1950 annum,
2771 1878 2876 1935 sed
2912 1876 3109 1952 potius
3152 1893 3341 1953 usque
3390 1878 3453 1936 in

1907 1974 2211 2035 saeculum.
2250 1977 2317 2035 Et
2350 1975 2663 2048 propterea
2696 1971 2916 2046 optime
2958 1970 3181 2029 dictum
3218 1973 3305 2029 est
3334 1988 3350 2029 ε
3390 1973 3454 2029 In

1906 2073 2084 2130 medio
2110 2072 2359 2130 Ecclesia»
2382 2072 2597 2143 aperuit
2623 2084 2681 2126 os
2706 2068 2842 2140 ejus.
2869 2072 2934 2126 ln
2959 2082 3081 2141 quo
3109 2065 3223 2124 tria
3242 2068 3453 2124 notan·

1906 2168 2003 2225 tur
2035 2185 2050 2225 :
2080 2182 2268 2225 unum
2296 2180 2369 2222 ex
2394 2166 2560 2238 parte
2588 2163 2708 2237 Dei3
2740 2162 2995 2221 alterum
3022 2177 3095 2221 ex
3124 2165 3289 2237 parte
3310 2162 3454 2220 San-

1909 2260 2021 2334 cti;
2069 2260 2303 2318 tertium
2347 2274 2490 2317 vero
2539 2274 2613 2317 ex
2656 2261 2821 2332 parte
2872 2255 3008 2315 loci.
3066 2259 3214 2316 Nam
3256 2254 3453 2329 primo

1909 2370 1982 2414 ex
2020 2358 2187 2429 parte
2229 2353 2330 2411 Dei
2374 2354 2611 2410 notatur
2649 2349 2973 2409 liberalitas
3015 2348 3079 2407 in
3125 2347 3450 2420 donando,

1909 2448 2171 2506 secundo
2210 2463 2281 2505 ex
2315 2448 2483 2522 parte
2523 2444 2714 2503 Sancti
2758 2448 2993 2502 notatur
3037 2442 3367 2501 facunditas
3392 2442 3456 2500 in

1908 2540 2256 2617 loquend03
2280 2539 2448 2599 tertio
2478 2555 2547 2598 ex
2576 2541 2741 2613 parte
2766 2535 2882 2595 loci
2911 2539 3148 2594 notatur
3183 2551 3456 2594 commu-

1907 2639 2061 2694 nitas
2087 2650 2148 2692 se
2175 2634 2454 2693 omnibus
2481 2631 2809 2692 offerendo.
2848 2629 3192 2689 Liberalitas
3230 2628 3458 2688 donan-

1909 2729 1983 2789 tis
2017 2733 2275 2801 notatur,
2323 2744 2460 2786 cum
2497 2727 2710 2785 dicitur
2750 2743 2765 2782 :
2803 2726 3061 2797 Aperuit.
3107 2723 3458 2782 Fecunditas

1908 2823 2282 2901 praedicantis
2306 2826 2564 2888 notatur,
2594 2836 2732 2878 cum
2762 2817 3001 2876 additur
3028 2834 3043 2875 ε
3078 2816 3149 2875 Os
3178 2817 3310 2890 ejus.
3341 2815 3457 2875 Sed

1911 2918 2305 2979 communitas
2344 2914 2643 2975 offerentis
2674 2913 2932 2985 notatur,
2961 2927 3101 2970 cum
3134 2909 3408 2970 subditur
3437 2928 3454 2968 ε

1909 3014 1976 3071 ln
2002 3013 2179 3070 medio
2205 3013 2475 3069 Ecclesioe.

1984 3106 2253 3165 Dicamus
2281 3119 2424 3177 ergo
2466 3121 2481 3161 :
2527 3103 2761 3176 Aperuit
2800 3117 2859 3160 os
2903 3100 3037 3173 eius.
3077 3098 3335 3175 Aperuit,
3364 3097 3457 3157 in-

1912 3202 2061 3277 quit,
2090 3217 2158 3260 os
2187 3201 2314 3274 ejus
2342 3199 2421 3259 ad
2446 3198 2559 3257 tria
2589 3217 2604 3256 :
2635 3195 2717 3256 ad
2749 3196 3001 3254 verbum
3024 3192 3369 3283 humilitatis
3394 3193 3459 3251 in

1911 3295 2310 3368 confession03
2342 3294 2423 3354 ad
2449 3294 2700 3353 verbum
2726 3290 2921 3350 laudis
2947 3290 3011 3350 in
3041 3290 3347 3363 oratione3
3378 3289 3458 3347 ad

1909 3393 2165 3449 verbum
2190 3387 2594 3448 aedificationis
2614 3388 2677 3445 in
2704 3384 3142 3461 praedicatione.
3544 3378 3551 3385 '

1983 3487 2122 3544 Dico
2151 3484 2317 3559 quod
2351 3485 2548 3559 primo
2584 3480 2815 3558 aperuit
2854 3496 2922 3539 os
2962 3479 3122 3538 beati
3160 3476 3455 3538 Ambrosii

1911 3581 1991 3639 ad
2020 3579 2274 3638 verbum
2315 3576 2660 3636 humilitatis
2695 3575 2760 3634 in
2800 3574 3188 3633 confessione.
3219 3577 3366 3631 Nam
3393 3570 3454 3629 in

1912 3674 2422 3749 archiepiscopum
2447 3672 2684 3742 electuS,
2711 3668 2904 3728 noluit
2929 3667 3046 3726 sibi
3074 3682 3319 3726 manum
3342 3664 3454 3723 im-

1910 3769 2078 3845 poni,
2124 3784 2235 3826 nec
2279 3766 2568 3838 confiteri,
2625 3765 2737 3823 nisi
2804 3761 3093 3822 catholico
3148 3760 3450 3836 episcopo.

1911 3865 2039 3935 Quo
2068 3862 2342 3937 exemplo
2369 3876 2483 3920 nos
2510 3860 2711 3919 docuit
2738 3858 2941 3933 fugere
2968 3856 3304 3916 sacerdotes
3328 3856 3453 3915 hoe-

1909 3957 2144 4027 reticos,
2188 3961 2246 4014 et
2280 3970 2541 4031 quaerere
2589 3953 2930 4025 catholicos,
2983 3949 3202 4026 quibus
3256 3949 3455 4008 solum
3544 4014 3549 4019 ,

1913 4051 2052 4110 data
2079 4052 2163 4108 est
2189 4049 2502 4108 auctoritas
2528 4045 2898 4106 absolvendi.
2929 4049 3244 4119 Nunquam
3267 4041 3349 4100 ad
3374 4041 3455 4100 vi-

1912 4161 2086 4203 neam
2107 4143 2241 4218 quis
2258 4158 2369 4218 pro
2387 4141 2620 4200 ficubus
2632 4140 2824 4200 vadit:
2845 4154 3156 4214 nunquam
3175 4136 3256 4196 ad
3270 4136 3454 4194 ficum

1915 4240 2048 4314 quis
2070 4238 2235 4298 vadit
2258 4252 2371 4313 pro
2396 4236 2527 4295 uvis
2554 4234 2931 4311 acquirendis
2960 4252 2975 4292 ε
3005 4248 3316 4308 nunquam
3345 4248 3455 4291 au-

1911 4349 2046 4392 rum
2074 4331 2209 4407 quis
2231 4331 2440 4407 quaerit
2464 4330 2527 4390 in
2555 4328 2926 4405 quercubus,
2953 4328 3050 4386 vel
3075 4326 3304 4402 lapides
3329 4341 3458 4401 pre-

1911 4427 2094 4486 tiosos
2124 4427 2185 4484 in
2226 4424 2417 4484 cedris
2448 4444 2463 4484 ε
2503 4440 2646 4498 ergo
2689 4423 2931 4482 stultum
2973 4426 3058 4481 est
3089 4438 3199 4498 pro
3229 4419 3475 4493 confes-‚

1911 4520 2078 4579 sione
2117 4522 2173 4579 et
2206 4519 2579 4579 absolutione
2608 4518 2779 4576 illum
2807 4531 3093 4591 quoerere,
3122 4513 3226 4589 qui
3254 4512 3456 4572 absol-

1910 4614 2094 4673 vendi
2148 4630 2271 4672 non
2322 4613 2503 4672 habet
2551 4611 2976 4682 auctoritatem,
3031 4625 3169 4668 cum
3212 4624 3338 4667 non
3383 4607 3460 4666 sit

1911 4708 2252 4767 membrum
2280 4706 2564 4767 Ecclesioe.
2599 4704 2763 4764 Unde
2805 4704 3017 4763 dicitnr
3041 4702 3104 4761 in
3131 4702 3363 4761 Psalmo
3388 4703 3411 4739 '⁸
3437 4720 3454 4761 ε

1917 4822 1946 4858 α
1974 4805 2049 4864 Os
2066 4803 2206 4876 justi
2233 4800 2612 4872 meditabitur
2639 4798 3011 4875 sapientiam,
3031 4801 3089 4855 et
3104 4797 3312 4870 lingua
3330 4795 3457 4870 ejus

1911 4896 2192 4972 loquetur
2221 4897 2534 4971 judicium.
2574 4916 2606 4953 ιι
2637 4893 2791 4966 Quid
2814 4893 2974 4951 enim
3001 4896 3085 4949 est
3109 4890 3276 4964 loqui
3297 4887 3458 4962 judi-

1912 4992 2093 5063 cium,
2124 4990 2235 5048 nisi
2263 4990 2601 5048 confitendo
2629 5005 2692 5047 se
2721 4985 3011 5045 sacerdoti
3043 4983 3273 5043 tradere
3297 4981 3457 5056 judi-

1914 5084 2215 5142 candum?
2243 5085 2309 5141 Et
2335 5083 2482 5159 quid
2510 5086 2597 5140 est
2623 5079 2895 5140 meditari
2928 5077 3299 5152 sapientiam,
3341 5075 3456 5134 nisi

1911 5176 1991 5234 ad
2018 5192 2157 5234 eum
2182 5178 2239 5234 te
2266 5175 2531 5235 conferre
2558 5190 2670 5250 pro
2689 5172 3080 5247 indulgentia,
3100 5170 3205 5247 qui
3225 5170 3454 5229 clavem

1912 5326 2031 5365 soc.
2069 5325 2182 5363 xm.
2210 5338 2272 5349 -
2303 5313 2324 5346 ⁸
2354 5310 2532 5371 Eccli..
2562 5321 2648 5374 ιν,
2684 5312 2730 5360 3.
2765 5335 2823 5347 -
2849 5310 2871 5346 ⁸
2902 5315 3066 5373 Joan„
3095 5319 3255 5371 xvni,
3285 5310 3362 5358 20.
3392 5333 3450 5344 -

1909 5384 1934 5421 θ
1954 5382 2157 5446 uatem,
2190 5394 2259 5447 w,
2288 5385 2334 5435 4.
2364 5408 2427 5422 -
2454 5383 2471 5413 ²
2498 5382 2636 5433 Prot.
2669 5390 2852 5446 xxxvi,
2876 5383 2955 5432 30.

1976 5470 2046 5534 (a)
2077 5469 2193 5535 [ις.
2221 5466 2553 5535 improvidas.
