4059 6317
875 438 1249 509 DOMINICA
1291 437 1345 504 lI
1386 435 1470 503 IN
1511 433 2154 515 QUADRAGESIMA.
2196 439 2462 510 SERMO
2504 441 2609 515 IV.

3202 433 3236 518 i
3248 458 3319 521 61

170 604 262 652 mo
301 583 488 663 coelo,
535 577 975 646 testimonium
1018 573 1220 658 Moysi
1252 573 1332 639 de
1375 571 1693 657 profundo
1796 577 1935 639 trus
1959 576 2121 642 dixit
2152 600 2167 641 ε
2204 579 2496 657 Domine,
2526 579 2757 648 bonum
2781 587 2874 652 est
2903 600 3021 652 nos
3046 586 3152 654 hio
3175 605 3328 657 esse.

170 694 372 772 limbo,
395 694 462 756 et
477 686 919 755 testimonium
937 683 1115 758 Eliae,
1142 681 1324 766 quasi
1352 680 1430 746 de
1456 679 1691 760 medie,

1803 682 1960 763 Quoe
1986 701 2029 751 a
2056 692 2116 753 te
2142 685 2512 755 desiderata
2536 694 2708 769 sunt,
2754 695 3013 775 propter
3040 700 3332 761 mutuam

173 801 385 868 scilicet
401 795 680 882 paradisi
695 793 1032 859 terrestris.
1061 789 1240 855 Unde
1255 789 1324 852 in
1349 806 1466 852 sua
1487 792 1693 852 trans·
1799 789 2330 858 cohabitationem
2360 800 2604 862 mutuae
2631 797 3001 865 dilectionis,
3032 800 3194 867 Nam
3224 804 3337 869 de-

174 907 544 992 figuratione
576 901 786 969 voluit
809 897 1243 964 testimonium
1272 894 1509 959 habere
1534 893 1695 958 divi·

175 1032 342 1093 num,-
369 1009 841 1096 propheticum‚
871 1010 936 1071 et
970 1005 1359 1081 humanum,
1390 1000 1527 1066 sive
1553 1017 1699 1082 apo·

177 1121 452 1187 stolicum
502 1136 521 1182 t
573 1119 648 1182 ιιι
694 1114 903 1199 primo
947 1130 1063 1196 per
1108 1109 1546 1176 testimonium
1587 1105 1701 1170 Dei

179 1228 368 1294 Patris
391 1225 706 1292 dicentis:
746 1222 872 1288 Hie
911 1224 1006 1287 est
1050 1219 1261 1299 Filius
1295 1232 1468 1283 meus
1509 1214 1702 1281 dilee-

183 1344 302 1415 tus,
329 1353 442 1419 per
465 1330 848 1417 quemfacta
879 1330 1030 1392 sunt
1061 1327 1301 1405 omnia,
1338 1325 1700 1406 cognoscat,

183 1442 342 1526 quod
367 1439 661 1507 omnium
686 1440 785 1502 est
809 1434 1120 1500 stabilitor
1146 1431 1549 1514 magnificus,
1580 1430 1702 1495 sci-

183 1549 322 1613 lieet
348 1547 645 1625 creand03
682 1550 758 1609 ut
795 1542 1073 1608 secundo
1113 1559 1229 1624 per
1272 1537 1706 1605 testimonium

189 1651 395 1735 Moysi,
423 1651 536 1735 qui
563 1650 686 1715 fuit
707 1648 892 1713 dator
916 1646 1104 1728 legis,
1141 1649 1205 1710 et
1229 1643 1411 1722 Elias,
1437 1644 1552 1727 qui
1586 1641 1711 1707 suit

190 1759 450 1824 eximius
493 1756 950 1841 prophetarum
967 1802 987 1834 ,
1038 1757 1489 1834 cognoscam,
1540 1749 1710 1833 quod

191 1869 314 1951 ipse
336 1872 432 1932 est
452 1869 833 1931 cunctorum
875 1860 1313 1928 reconciliator
1349 1858 1708 1942 piissimus,

194 1974 525 2040 secundum
570 1973 743 2056 quod
781 1971 990 2036 fuerat
1024 1967 1412 2052 promissum
1453 1969 1517 2029 et
1561 1981 1709 2047 pro-

198 2082 508 2166 phetatum
533 2081 605 2145 in
628 2081 810 2162 lege3
842 2083 915 2144 ut
936 2077 1123 2144 tertio
1141 2094 1251 2158 per
1282 2071 1715 2138 testimonium

199 2191 565 2271 humanum,
599 2189 736 2253 sive
754 2185 1194 2271 apostolicum,
1223 2181 1459 2247 scilicet
1474 2183 1718 2263 aposto-

200 2298 417 2378 lorum,
445 2298 561 2381 qui
584 2300 781 2363 erunt
808 2294 1056 2379 judices
1083 2293 1155 2357 in
1181 2291 1284 2356 die
1321 2289 1577 2372 judicii,
1608 2305 1717 2353 co·-

202 2409 557 2489 gnoscatur,
585 2405 761 2489 quod
784 2405 919 2487 ipse
943 2405 1041 2468 est
1064 2401 1355 2468 omnium
1375 2397 1722 2464 retributor

195 2514 565 2596 ,iustissimus
589 2516 663 2578 in
697 2511 1188 2578 remunerando.
1220 2509 1306 2574 De
1331 2507 1439 2571 illa
1463 2507 1716 2572 &ansfl-

201 2623 521 2704 guratione
561 2624 770 2704 potest
810 2619 1046 2703 exponi
1084 2617 1244 2683 illud
1286 2618 1306 2653 ¹
1362 2638 1378 2680 ι
1430 2639 1462 2677 α
1496 2614 1724 2681 Omnia

205 2732 643 2812 transfigurata
686 2729 979 2794 omnium
1023 2724 1255 2791 nutrici
1301 2723 1531 2806 gratim
1591 2727 1723 2788 tuae

208 2837 625 2906 deserviebant
665 2837 750 2902 ad
778 2835 1175 2901 voluntatem
1220 2849 1446 2898 eorum
1462 2879 1483 2911 ‚
1514 2848 1659 2914 quae
1686 2849 1726 2895 a

211 2949 264 3010 te
283 2952 426 3011 sunt
447 2947 823 3012 desiderata.
861 2966 893 3005 n
926 2942 1235 3008 Dicuntur
1267 2943 1480 3005 autem
1511 2937 1729 3004 omnia

209 3054 640 3137 transfigurari
667 3053 739 3117 in
766 3050 1329 3132 transfiguratione
1356 3046 1619 3125 Christi,
1651 3063 1728 3111 eo

204 3163 364 3243 quod
387 3161 625 3244 aliquid
655 3159 736 3224 de
774 3159 952 3223 omni
977 3161 1272 3223 creatura
1307 3156 1429 3221 fuit
1451 3155 1521 3219 in
1547 3152 1726 3218 Chri·

202 3273 292 3334 sto
317 3270 875 3351 transfiguratum.
905 3266 1067 3333 Nam
1092 3264 1398 3345 Christus,
1426 3263 1496 3327 in
1519 3278 1730 3345 quan-

201 3380 332 3441 tum
359 3380 577 3458 homo,
607 3375 1038 3443 communicat
1061 3392 1211 3439 cum
1235 3372 1536 3439 omnibus
1555 3386 1732 3433 crea-

197 3483 373 3549 turis.
410 3508 447 3546 «
466 3484 672 3550 Habet
698 3483 873 3548 enim
898 3482 980 3566 (a)
1002 3484 1027 3518 ¹
1056 3499 1192 3546 esse
1218 3497 1366 3545 cum
1389 3475 1728 3562 lapidibus,

196 3590 410 3657 vivere
436 3611 589 3658 cum
611 3590 882 3675 plantiS,
921 3589 1160 3655 sentire
1197 3605 1347 3653 cum
1380 3583 1692 3669 jumentis
1709 3631 1726 3663 ,

197 3701 254 3760 et
278 3697 644 3780 intelligere
672 3715 822 3762 cum
845 3695 1112 3777 angelis.
1137 3717 1169 3755 ιι
1191 3693 1350 3758 Cum
1371 3709 1530 3773 ergo
1556 3689 1734 3756 Chri-

190 3808 344 3884 stus,
385 3805 461 3870 in
503 3823 670 3889 quo,
707 3806 779 3868 in
824 3809 1137 3887 quantum
1179 3802 1396 3879 homo,
1436 3798 1515 3862 de
1558 3796 1733 3861 omni

191 3918 486 3979 creatura
523 3918 619 3979 est
645 3913 913 3997 aliquid,
943 3913 1025 3977 sit
1051 3911 1563 3992 transfiguratus,
1592 3906 1734 3971 ideo

193 4020 503 4089 dicuntur
534 4022 756 4088 omnia
802 4021 869 4086 in
910 4022 1048 4104 ipso
1083 4038 1222 4084 esse
1259 4017 1731 4098 transfigurata.

192 4127 458 4197 Nun-ici
537 4130 769 4214 qratiae
837 4126 1276 4194 deserviebant
1327 4171 1344 4203 ,
1413 4122 1565 4206 quia
1630 4120 1739 4183 illa

191 4238 681 4320 transfiguratio
717 4253 851 4300 non
893 4235 1015 4300 fuit
1056 4237 1131 4299 ut
1170 4231 1481 4314 acciperet
1525 4228 1736 4294 dotem

190 4345 492 4411 claritatis
522 4344 792 4428 gloriae3
838 4344 971 4422 sed,
1000 4341 1217 4408 divina
1255 4339 1462 4423 gratia
1487 4338 1737 4420 dispen-

192 4457 387 4534 sante,
419 4458 503 4519 ut
529 4453 849 4536 acciperet
864 4456 1078 4516 actum
1106 4448 1273 4515 dotis
1291 4446 1592 4513 claritatis
1607 4445 1741 4527 glo—

194 4561 324 4641 riae,
348 4562 430 4626 ad
454 4559 884 4626 nutriendum
899 4557 1134 4624 debiles
1164 4553 1480 4638 apostolos
1497 4553 1566 4617 iu
1587 4552 1736 4633 fide,

193 4671 254 4733 et
275 4668 572 4734 maxime
601 4666 674 4730 in
698 4666 859 4730 hora
884 4664 1107 4728 mortis
1135 4661 1384 4727 Christi.
1414 4659 1575 4726 Nam
1601 4675 1730 4726 om-

193 4779 304 4842 nia
329 4772 791 4844 deserviebant
817 4772 1061 4838 nutriet
1087 4770 1316 4852 qratioe
1339 4767 1429 4834 ad
1454 4767 1743 4835 volunta-

197 4890 314 4950 tem
371 4900 608 4952 eorum
631 4931 651 4961 ,
697 4880 763 4946 id
812 4884 910 4945 est
964 4877 1398 4962 apostolorum
1417 4924 1439 4956 ,
1486 4878 1743 4959 propter

196 4991 734 5080 complacentiam
759 4986 1109 5054 dilectionis
1123 5032 1141 5064 ,
1185 5004 1380 5067 quam
1414 4984 1642 5048 habuit
1674 4983 1744 5049 in

199 5104 433 5168 mundo
471 5101 750 5185 propter
789 5095 1065 5177 gloriam
1110 5092 1361 5159 Christi.
1407 5090 1585 5156 Unde
1624 5090 1744 5158 Pe-

1119 5288 1398 5352 nEvanq„
1426 5287 1569 5340 hom.
1597 5300 1744 5353 xxix,

1557 5360 1575 5409 1
1607 5360 1745 5424 Cor„

259 5301 440 5364 ¹„Sop
469 5291 1064 5361 xv1,25.—⁸Greg.,

201 5369 622 5429 taz—⁸Bed„
655 5304 1526 5425 inme,1x,28'‚c.xxxv1u.—⁴

204 5448 400 5509 1v,5-6.
433 5469 494 5482 -—
524 5442 716 5496 ⁸1⁸⁰·
742 5446 816 5498 1¹2
844 5438 893 5483 ⁶·

427 5547 589 5597 101.
642 5540 793 5589 xm.

1800 895 1964 963 lieiae
2008 897 2149 963 Filii
2193 900 2304 966 Dei
2349 907 2498 968 sunt
2544 923 2682 970 esse
2726 925 2877 972 cum
2923 910 3222 992 apostolis
3275 916 3340 978 et

1804 1004 2102 1088 praelatis,
2141 1007 2430 1075 Secundo
2468 1012 2669 1077 voluit
2718 1016 3167 1098 transfigurari
3194 1024 3341 1084 ante

1803 1111 2138 1195 lambam,
2181 1121 2254 1181 ut
2276 1117 2343 1180 in
2382 1116 2616 1185 Jacobo
2644 1122 3048 1189 confirmaret
3072 1126 3337 1208 activ08,

1808 1220 1972 1284 utin
1998 1240 2110 1305 spe
2136 1226 2588 1306 expectationis
2617 1228 2852 1295 futurae
2882 1230 3135 1313 gloriae.
3166 1233 3343 1300 Unde

1808 1325 1978 1391 Beda
1996 1328 2019 1365 ³
2055 1327 2205 1394 dicit
2234 1330 2305 1395 in
2333 1331 2552 1398 Glossa
2582 1356 2597 1399 ε
2647 1357 2681 1396 α
2719 1335 2926 1420 Super
2968 1340 3344 1423 praedictum

1810 1433 2079 1499 verbnm
2126 1436 2219 1500 sic
2256 1455 2274 1500 z
2316 1436 2391 1503 In
2438 1444 2723 1507 montem
2766 1449 3100 1527 oraturus,
3147 1453 3212 1513 et
3255 1449 3347 1514 sic

1812 1542 2365 1624 transfigurandus
2397 1546 2470 1628 (b)
2520 1549 2827 1632 ascendit,
2876 1556 2952 1617 ut
2996 1553 3223 1620 innuat
3273 1555 3344 1640 (o)

1814 1666 1955 1728 eos,
2001 1650 2111 1733 qui
2150 1651 2428 1717 fructum
2467 1658 2944 1725 resurrectionis
2985 1657 3080 1743 (d)
3124 1679 3349 1747 expec-

1816 1758 1989 1876 tant,
2022 1759 2280 1823 mente
2262 1778 2334 1823 m
2358 1761 2628 1827 excelsis
2653 1764 2942 1831 habitare
2976 1769 3071 1851 (e),
3110 1773 3174 1834 et
3199 1789 3351 1837 con-

1830 2099 1861 2139 «
1886 2076 2091 2144 Nolite
2113 2049 2259 2146 ante
2284 2086 2538 2166 tempus
2569 2086 2896 2168 judicare,
2944 2034 3357 2177 quoadusque

1823 2185 2038 2249 veniat
2062 2185 2392 2267 DominuS,
2420 2192 2532 2272 qui
2565 2195 2628 2256 et
2668 2193 3055 2263 illuminabit
3094 2199 3359 2265 abscon-

1822 2291 1954 2356 dita
1995 2294 2408 2359 tenebrarum
2426 2345 2443 2377 ,
2497 2302 2561 2362 et
2618 2301 3043 2369 manifestabit
3100 2307 3361 2373 consilia

1826 2398 2137 2480 cordium,
2169 2404 2235 2465 et
2258 2404 2411 2466 tunc
2441 2402 2582 2470 laus
2608 2406 2730 2471 erit
2769 2410 3113 2494 unicuique
3139 2433 3181 2478 a
3207 2415 3356 2481 Dee.
3467 2460 3471 2464 -
3515 2399 3521 2408 ⁴

1826 2505 1977 2571 Haec
2004 2511 2243 2588 autem,
2273 2509 2531 2591 fratres,
2579 2515 3038 2597 transfiguravi
3061 2519 3131 2584 in
3167 2540 3271 2586 me
3298 2526 3363 2587 et

1827 2612 2053 2696 Apollo
2084 2618 2342 2698 propter
2367 2635 2485 2683 vos
2500 2666 2517 2695 ‚
2560 2624 2634 2684 ut
2673 2621 2927 2688 discatis
2952 2624 3020 2690 in
3048 2628 3232 2693 nobis
3279 2647 3362 2694 ne

1829 2736 2053 2801 supra,
2102 2739 2298 2803 quam
2339 2724 2647 2808 scriptum
2673 2732 2806 2809 est,
2841 2750 3015 2797 unus
3062 2736 3364 2802 adversus

1829 2824 2027 2889 alium
2057 2826 2317 2894 infletur
2357 2848 2475 2912 pro
2505 2833 2663 2914 alio,
2715 2857 2747 2897 n
2778 2841 2898 2903 etc.
2944 2839 3068 2906 Per
3093 2841 3364 2909 Paulum

1832 2936 1897 2995 et
1920 2930 2168 3016 Apelle,
2193 2953 2471 3024 quorum
2499 2958 2672 3005 unus
2698 2941 3152 3027 interpretatur
3172 2952 3367 3018 mira-

1834 3037 1984 3106 bilis
2022 3043 2086 3106 et
2129 3042 2289 3107 alter
2331 3043 2761 3116 admirandus
2779 3099 2796 3127 ‚
2852 3056 3056 3135 potest
3097 3056 3369 3137 figurari

1835 3148 2140 3218 Dominus
2182 3160 2397 3221 noster
2439 3157 2622 3224 Jesus
2665 3161 2980 3244 Christus,
3028 3169 3129 3251 cuj
3140 3186 3214 3232 us
3249 3186 3368 3233 no·

1836 3276 1986 3323 men
2028 3263 2293 3327 vocatur
2318 3269 2340 3304 ⁸
2375 3265 2823 3335 Admirabilis.
2854 3269 2970 3335 Hic
3007 3276 3222 3339 autem
3264 3293 3374 3340 vo-

1833 3362 1956 3444 luit
2019 3368 2465 3450 transfigurari
2526 3373 2592 3437 in
2636 3372 2870 3441 Iacobo
2882 3423 2905 3456 ‚
2971 3384 3043 3443 ut
3093 3398 3209 3463 per
3249 3381 3373 3448 hoc

1835 3472 2078 3537 discant
2134 3475 2327 3540 activi
2376 3482 2709 3560 expectare
2770 3482 3051 3549 futuram
3099 3487 3375 3568 gloriam

1835 3582 2318 3647 resurrectionis
2371 3602 2520 3648 cum
2580 3587 2889 3655 modestia
2948 3596 3259 3659 sermonis
3306 3596 3374 3660 in

1837 3705 1970 3766 ore,
2000 3689 2173 3754 unde
2200 3689 2433 3756 dicitur
2463 3714 2479 3756 ι
2512 3693 2728 3764 Nolite
2753 3703 2903 3766 ante
2923 3704 3167 3783 tempus
3193 3701 3377 3784 iudi-

1838 3812 1982 3863 care
2010 3812 2335 3881 quousque
2362 3802 2582 3870 veniat
2615 3805 2950 3886 Dominus,
2992 3825 3143 3872 cum
3184 3809 3371 3875 inno-

1838 3904 2046 3970 centia
2072 3906 2280 3971 cordis
2307 3912 2370 3972 et
2394 3909 2630 3992 operis,
2662 3929 2738 3977 eo
2777 3914 2949 3996 quod
2975 3914 3327 3981 Dominus
3308 3936 3377 3982 ιιι

1840 4012 1940 4078 die
1969 4012 2196 4095 judicii
2235 4013 2631 4085 illuminabit
2673 4018 3049 4089 abscondita
3091 4024 3374 4092 tenebra-

1839 4137 2021 4202 rum,
2051 4127 2110 4190 et
2145 4124 2588 4205 manifestabit
2629 4128 2904 4195 consilia
2942 4130 3275 4213 cordium
3315 4136 3380 4198 et

1842 4247 1991 4294 cum
2026 4230 2332 4313 patientia
2373 4234 2868 4316 supportationis
2910 4236 2980 4300 ιιι
3024 4255 3215 4320 opere
3239 4287 3258 4318 ,
3299 4255 3379 4309 ne

1841 4351 2045 4418 supra
2089 4354 2282 4420 quam
2327 4341 2641 4422 scriptum
2679 4348 2800 4420 est,
2856 4360 3027 4411 unus
3073 4345 3380 4414 adversus

1846 4443 2052 4509 alium
2079 4444 2370 4525 infletur.
2417 4448 2513 4515 Et
2538 4452 2688 4515 tune
2713 4449 2859 4516 laus
2880 4451 3008 4520 erit
3031 4454 3378 4536 unicuique

1843 4568 1886 4617 a
1920 4551 2081 4631 Deo,
2135 4569 2282 4616 cum
2320 4555 2653 4637 propriam
2702 4556 3045 4625 mercedem
3087 4561 3376 4642 accipiet.

1845 4658 2058 4726 Tertio
2084 4661 2582 4743 transfiguratus
2611 4669 2709 4730 est
2752 4670 2899 4732 ante
2932 4667 2968 4733 J
2970 4685 3243 4733 oannem
3250 4715 3273 4748 ,
3306 4675 3382 4734 ut

1845 4767 1917 4831 in
1942 4767 2187 4833 Joanne
2214 4768 2641 4837 inflammaret
2663 4773 3185 4857 contemplativos
3210 4792 3383 4840 amo-

1846 4891 1919 4938 re
1944 4872 2269 4939 charitatis
2295 4880 2359 4940 et
2401 4878 2883 4945 benevolentiae.
2915 4879 2993 4945 Et
3031 4881 3109 4945 de
3137 4880 3257 4946 hoc
3284 4882 3379 4947 di·

1850 4981 2015 5047 citur
2056 4981 2122 5046 in
2171 4983 2477 5065 praedicto
2516 4985 2818 5052 themate.
2864 4989 3075 5055 Duoeit
3119 4988 3266 5056 illos
3309 4991 3387 5056 in

1849 5091 2126 5154 montem
2151 5088 2469 5157 eoeeelsum
2504 5108 2787 5161 seorsum
2804 5140 2822 5172 ‚
2869 5101 2929 5162 et
2958 5095 3386 5178 transfiaura-

1914 5213 1983 5276 (ιι)
2013 5211 2190 5276 Suppl.
2226 5226 2517 5266 commune.
2561 5242 2623 5254 -
2658 5218 2721 5282 (b)
2756 5219 2879 5270 Coet.
2912 5218 3031 5269 edin
3065 5220 3122 5271 ln
3156 5223 3387 5273 montem

1854 5286 1994 5333 trans
1968 5283 2257 5366 sflguratus.
2279 5286 2405 5349 —(c
2377 5286 2423 5348 c)
2451 5287 2600 5351 Apud
2612 5288 2801 5340 Bedam
2822 5291 3153 5342 ostendat.—
3088 5291 3244 5357 —(d)
3266 5292 3388 5344 Coet.

1853 5354 1978 5404 edit.
2009 5355 2098 5420 qui
2138 5356 2587 5410 resurrectionem.
2621 5385 2682 5397 —
2713 5362 2775 5426 (e)
2797 5362 3022 5414 Mentem
3050 5362 3106 5413 in
3131 5363 3389 5416 excelsum

1757 5469 1762 5476 .
1852 5428 1884 5476 d
1887 5426 2040 5476 ebere
2063 5425 2176 5475 elev
2146 5426 2270 5476 vari.
2298 5429 2467 5494 (s-)
2500 5430 2755 5482 insistere.

3076 5530 3146 5590 11
