4059 6317
835 499 1217 572 DOMINICA
1255 499 1367 569 ΧΠ
1410 497 1609 569 POST
1650 494 2233 570 PENTECOSTEN.
2278 496 2543 572 SERMO
2585 497 2691 571 111.

158 642 287 711 det.
321 642 591 727 Insuper
618 645 684 708 et
713 640 1127 724 alligaturam
1151 638 1408 705 babebit
1433 637 1701 704 immor·

159 750 419 816 talitatis
445 754 668 816 contra
687 750 925 815 vulnus
948 748 1222 814 miseriae
1249 748 1269 782 ¹
1302 768 1318 812 :
1346 770 1376 808 <t
1392 745 1530 811 Lux
1554 746 1703 810 solis

157 858 281 924 erit
324 858 810 942 septempliciter
839 857 1002 922 sicut
1031 857 1149 921 lux
1178 857 1421 938 septem
1450 854 1703 919 dierum

159 966 227 1030 in
269 965 395 1042 die,
433 985 562 1050 qua
592 966 955 1049 alligaverit
984 964 1296 1030 Dominus
1321 961 1560 1028 vulnus
1587 979 1704 1045 po-

159 1071 300 1155 puli
327 1072 453 1138 sui.
483 1094 515 1132 »

237 1178 327 1244 De
355 1180 655 1260 secunde,
684 1179 1018 1246 Psalmista
1043 1184 1117 1220 ²·
1103 1202 1186 1243 ,α
1211 1178 1311 1244 Ad
1351 1175 1706 1259 alligandos

158 1305 372 1370 reges,
402 1311 433 1348 »
462 1293 582 1353 616.
606 1286 935 1365 Quomodo
955 1286 1227 1352 vinculis
1243 1288 1706 1370 praeceptorum

159 1395 506 1477 alligentur
530 1394 769 1475 fideles,
790 1395 1046 1479 require
1064 1395 1133 1458 in
1149 1411 1446 1460 sermone
1476 1411 1493 1458 :
1520 1393 1707 1459 Ioan-

161 1519 271 1570 nes
295 1509 512 1570 autem
529 1503 575 1582 ⁸,
598 1501 666 1566 16
686 1502 874 1567 tertio
897 1502 1214 1567 membro.
1239 1500 1317 1567 Et
1334 1503 1507 1578 uota,
1533 1499 1708 1582 quod

156 1611 315 1694 iusti
332 1610 634 1675 dicuntur
651 1627 842 1691 reges
861 1613 926 1675 et
950 1608 1191 1674 nobiles
1219 1627 1237 1673 t
1271 1625 1423 1673 vere
1439 1605 1705 1685 nobiles,

161 1735 444 1801 quorum
469 1715 637 1784 Deus
661 1715 853 1782 Pater
871 1720 992 1796 est,
1011 1715 1126 1800 qui
1142 1716 1436 1798 ligantur
1460 1730 1710 1796 compe-

162 1826 351 1891 dibus
399 1824 872 1890 mandatorum.
924 1823 1270 1905 Compedes
1325 1822 1500 1888 euim
1556 1823 1710 1885 suut

162 1932 441 2011 vincula,
471 1949 619 2015 quae
643 1931 1005 2015 impediunt
1033 1931 1386 2010 bominem,
1416 1929 1712 1995 61611111-

163 2059 268 2106 me
293 2040 545 2124 pedem,
573 2057 658 2104 ne
679 2044 784 2104 eat
808 2056 940 2122 quo
965 2038 1128 2118 vult,
1167 2038 1275 2103 vel
1316 2037 1503 2102 saciat
1538 2035 1710 2120 quod

166 2148 303 2213 vult
323 2170 340 2212 :
359 2148 452 2213 sic
465 2147 786 2226 mandata,
799 2163 882 2211 66
892 2145 1244 2217 secundum
1256 2144 1565 2209 desideria
1578 2163 1710 2209 car·

165 2256 266 2320 nis
296 2254 400 2323 vel
451 2252 677 2320 mundi
716 2257 1073 2318 moveatur.
1114 2251 1189 2317 Et
1214 2269 1366 2318 vere
1399 2251 1714 2333 ignobiles

167 2368 337 2442 sunt,
364 2381 643 2447 quorum
670 2365 849 2445 pater
873 2360 1164 2426 diabolus
1187 2363 1353 2424 est‘:
1392 2382 1423 2420 α
1446 2359 1566 2437 Qui
1593 2377 1709 2422 au-

169 2477 298 2537 tem
335 2475 757 2537 contemnunt
799 2487 928 2549 me,
971 2470 1163 2534 erunt
1204 2466 1541 2549 ignobiles,
1565 2487 1598 2526 1)
1635 2464 1714 2530 Et

169 2580 326 2643 tales
353 2597 487 2644 non
524 2597 565 2643 a
601 2578 753 2656 Deo,
783 2576 894 2642 sed
920 2595 961 2640 a
983 2574 1234 2640 diabolo
1262 2574 1612 2656 alligantur
1637 2571 1660 2608 ⁸
1692 2592 1708 2634 τ

178 2709 211 2748 ι
233 2685 411 2751 Hanc
440 2690 656 2751 autem
691 2685 893 2749 filiam
929 2682 1226 2762 Abrahae,
1256 2699 1457 2765 quam
1480 2680 1711 2762 alliga-

171 2793 263 2859 vit
299 2798 575 2873 satanas,
615 2814 647 2852 »
680 2797 800 2857 etc.

251 2906 339 2967 De
357 2901 551 2967 tertio
566 2899 629 2965 ⁸:
664 2923 697 2960 α
722 2899 994 2965 Vincula
1019 2899 1211 2979 illius,
1242 2898 1590 2981 alligatura
1616 2915 1719 2962 sa-

171 3011 338 3077 lutis.
355 3033 387 3071 1
425 3009 584 3077 Vere
612 3010 867 3087 66111116,
895 3009 1051 3092 quia
1077 3008 1372 3073 salutaris
1403 3008 1613 3089 gratia
1635 3006 1716 3090 (a)

172 3118 579 3184 observantia
596 3117 964 3183 divinorum
982 3120 1446 3200 praeceptorum
1464 3132 1716 3180 conser-

174 3230 360 3293 vatur
387 3228 461 3291 iu
488 3224 695 3291 cordis
721 3241 894 3291 vase.
924 3222 1204 3306 Alioqui,
1235 3224 1397 3287 sicut
1421 3221 1718 3302 dicitur’‚

183 3356 214 3395 α
239 3332 358 3399 Cor
383 3333 552 3398 fatui
577 3331 759 3415 quasi
794 3348 911 3395 vas
948 3330 1365 3407 confractum,
1390 3351 1421 3391 n
1457 3335 1574 3395 etc.
1598 3327 1724 3396 Vas

175 3460 334 3525 ergo
361 3442 768 3527 ligatqu
790 3438 874 3503 ad
896 3438 1138 3503 fontem
1158 3438 1385 3521 gratiae
1408 3437 1723 3521 applican-

177 3550 354 3615 dum.
385 3547 788 3631 Augustinus
809 3545 834 3581 ⁸
862 3567 880 3610 ε
919 3568 952 3607 ι
977 3544 1102 3612 Vas
1127 3546 1204 3610 ad
1232 3546 1470 3610 sontem
1490 3545 1673 3610 attuli
1701 3567 1717 3609 ε

179 3655 371 3740 imple
413 3674 547 3736 me,
589 3655 895 3738 quoniam
932 3651 1025 3720 ad
1068 3659 1131 3719 te
1172 3653 1384 3719 levavi
1436 3653 1725 3718 animam

178 3782 400 3833 meam.
430 3787 462 3827 11
500 3762 902 3847 Quicumque
926 3779 1057 3827 non
1093 3762 1397 3843 alligatus
1430 3762 1624 3826 fuerit
1656 3762 1727 3826 in

184 3876 415 3956 gratia,
450 3871 823 3955 alligabitur
864 3872 934 3935 in
979 3888 1169 3954 poena
1194 3876 1257 3935 ⁹:
1291 3892 1324 3932 α
1349 3869 1626 3952 Alligate
1651 3887 1728 3935 ea

181 3981 251 4046 in
273 3981 632 4060 fasciculos,
662 4001 694 4042 1·
732 3969 850 4045 616.

261 4087 439 4154 Circa
465 4087 820 4153 secundum
850 4091 1023 4167 nota,
1040 4084 1213 4169 quod
1235 4102 1352 4168 per
1374 4084 1588 4151 oleum
1612 4082 1727 4149 mi-

181 4196 545 4262 sericordiae
558 4199 623 4260 et
641 4195 889 4279 pietatis
902 4195 1301 4274 subvenitur,
1315 4196 1469 4277 quia
1481 4210 1728 4275 aegram

185 4308 368 4369 sanat
401 4303 711 4382 animam,
756 4301 1131 4386 multiplicat
1174 4303 1479 4384 gratiam,
1513 4318 1732 4365 conse-

186 4416 319 4478 crat
345 4412 426 4476 ad
457 4410 756 4493 gloriam.

265 4519 354 4586 sse
371 4521 587 4604 primo
605 4519 833 4583 dicitur
847 4517 975 4596 1116,
991 4518 1143 4601 quia
1161 4517 1500 4583 vulnerato
1514 4515 1730 4581 oleum

189 4627 574 4708 infunditur,
603 4626 727 4691 hoc
751 4630 869 4702 est,
899 4625 1209 4708 peccatori
1225 4623 1732 4689 misericordiaet

189 4736 392 4819 pietas
427 4734 799 4819 inspiratur,
833 4736 909 4797 ut
940 4736 1223 4810 sanetur,
1252 4737 1326 4797 ut
1354 4732 1515 4796 11666
1551 4746 1733 4794 mun·

190 4843 399 4909 delur.
431 4841 745 4925 Leprosus
766 4857 883 4924 pro
904 4838 1355 4904 emundatione
1372 4856 1490 4904 sua
1502 4837 1733 4904 offerre

191 4949 376 5015 debet
402 4948 527 5014 olei
546 4947 897 5012 sextarium
918 4945 984 5025 ¹⁹,
1006 4945 1069 5010 id
1093 4950 1210 5026 est,
1235 4946 1732 5011 misericordiam

193 5073 590 5140 sexoperum
608 5053 710 5138 (b),
729 5053 809 5118 de
828 5052 1062 5136 quibus
1084 5053 1127 5089 ¹¹
1161 5077 1177 5118 ε
1202 5075 1235 5115 α
1251 5051 1505 5118 Esurivi
1516 5099 1538 5133 ,
1555 5073 1587 5111 ι
1608 5056 1728 5118 etc.

256 5221 273 5255 ¹
299 5220 426 5282 Im„
455 5230 582 5282 xxx,
609 5221 687 5268 26.
717 5241 778 5253 -
808 5216 827 5246 ²
856 5214 994 5266 Psal.
1019 5227 1173 5266 exus
1195 5252 1211 5279 ,
1241 5218 1288 5266 8.
1317 5241 1381 5254 —
1406 5215 1429 5251 ⁸
1457 5214 1572 5267 Vid.
1598 5230 1734 5281 sup„

198 5291 451 5343 Dominic.
495 5302 560 5341 111
605 5288 752 5350 adv..
792 5301 947 5338 serm.
1003 5299 1086 5350 111,
1136 5301 1253 5353 pag.
1305 5290 1385 5350 30,
1431 5289 1528 5338 661.
1554 5293 1626 5410 11.
1676 5315 1732 5326 -

198 5359 1525 5468 Ι111169,11,;10.--·ι.1ιι·.,1111,16.-··1·.,Ε.“τ.·<·1
1608 5364 1732 5424 ,31.

201 5460 258 5474 -—
289 5401 739 5496 ι11.·61111·.,111,Ἰ.
771 5456 828 5469 -
860 5429 883 5466 ⁸
912 5433 1062 5494 Aug„
1094 5430 1267 5481 Enarr.
1312 5431 1367 5479 111
1397 5429 1537 5480 Peal.
1575 5441 1736 5494 61111,

200 5509 249 5571 8,
276 5519 331 5558 n.
364 5508 445 5555 15.
477 5502 804 5565 -OUetua,
830 5512 948 5565 xm,
981 5502 1136 5552 30.-
1159 5503 1196 5537 ¹⁰
1225 5503 1398 5562 laevia,
1432 5513 1538 5565 xiv,
1569 5504 1646 5552 10.
1672 5527 1738 5539 -

1893 641 1979 704 De
2016 639 2293 705 secundo
2318 640 2561 723 legitur
2599 642 2671 722 ¹¹,
2713 640 2883 724 quod
2906 640 3160 721 mulier,
3202 661 3351 728 quae

1811 747 2231 829 congregavit
2267 747 2337 811 in
2378 749 2567 814 domo
2614 766 2732 812 sua
2769 766 2923 812 vasa
2957 766 3088 814 non
3128 767 3349 833 pauca,

1812 869 2043 934 parum
2071 853 2215 932 olei,
2249 855 2421 936 quod
2448 855 2692 935 habuit,
2729 857 2797 919 in
2824 857 3042 921 omnia
3065 875 3221 921 vasa
3246 877 3357 923 va·

1814 975 1936 1021 cua
1960 959 2219 1040 dimisit,
2251 966 2313 1024 et
2334 961 2424 1024 sic
2451 962 2653 1027 crevit
2677 962 2914 1041 oleum,
2942 982 3059 1046 per
3075 965 3248 1047 quod
3267 965 3358 1030 sic

1815 1064 2048 1129 mulier
2099 1084 2139 1129 a
2190 1067 2499 1132 creditore
2557 1069 2888 1135 liberatur.
2939 1069 3102 1137 Vasa
3152 1090 3360 1138 vacua

1813 1176 1967 1238 sunt
2005 1191 2340 1256 pauperes,
2379 1194 2542 1259 quos
2581 1177 2651 1242 in
2695 1179 2961 1243 domum
2991 1178 3180 1244 debes
3214 1198 3362 1245 con-

1819 1299 2099 1364 gregare
2127 1284 2169 1320 ¹⁸
2195 1301 2257 1346 z«
2284 1283 2534 1364 Egeuos
2561 1304 2889 1370 vagosque
2922 1285 3118 1352 induc
3143 1286 3211 1353 in
3240 1288 3361 1354 do-

1817 1407 2000 1453 mum
2029 1395 2226 1455 tuam.
2250 1412 2281 1450 »
2323 1391 2698 1458 Ambrosius
2738 1413 2755 1458 ε
2798 1393 2919 1459 «Si
2943 1396 3361 1477 peregrinum

1817 1496 1938 1561 sub
1955 1500 2198 1562 tectum
2214 1502 2404 1563 tuum
2421 1500 2703 1581 inducas,
2724 1502 3152 1585 suspiciasque
3166 1521 3362 1585 egen·

1816 1607 1970 1682 tem,
2002 1603 2111 1668 ille
2130 1605 2243 1669 tibi
2270 1606 2556 1689 acquiret
2582 1611 2947 1672 sanctorum
2989 1610 3360 1692 amicitiam,

1817 1716 1881 1775 ct
1907 1715 2146 1776 aeterna
2171 1713 2596 1778 tabernacula.
2639 1737 2671 1775 »
2717 1714 2953 1780 Parum
2987 1721 3205 1782 autem
3241 1719 3364 1784 olei

1818 1836 1935 1901 per
1958 1821 2178 1885 omnia
2214 1833 2367 1886 vasa
2402 1821 2827 1903 distribuitur,
2859 1827 3049 1907 juxta
3085 1824 3245 1890 illud
3277 1825 3360 1892 2‘2

1827 1949 1861 1987 α
1901 1925 1970 1991 Si
2017 1928 2330 2011 exiguum
2366 1929 2479 1994 tibi
2522 1930 2735 2010 fuerit,
2769 1952 2801 1992 ι
2832 1936 2955 1996 etc.
3005 1931 3159 1998 Inde
3202 1950 3364 2017 ergo

1820 2053 1972 2101 cum
1991 2036 2210 2102 oleum
2227 2037 2679 2104 misericordiae
2697 2041 2918 2105 crescit
2933 2058 3048 2123 per
3061 2041 3366 2106 meritum

1819 2148 1884 2209 et
1908 2145 2210 2226 gratiam,
2239 2146 2456 2210 anima
2480 2146 2772 2211 creditori
2800 2146 2926 2213 Deo
2957 2148 3282 2214 satisfacit.

1902 2253 1990 2320 De
2013 2254 2201 2317 tertio
2227 2253 2458 2317 dicitur
2485 2254 2530 2295 ¹⁸
2563 2275 2578 2319 :
2614 2276 2646 2315 α
2675 2252 2846 2319 Tulit
2873 2253 3130 2321 Samuel
3161 2274 3365 2321 cornu

1821 2362 1969 2439 olei,
2001 2364 2065 2426 et
2084 2360 2272 2426 unxit
2296 2358 2494 2426 David
2524 2361 2593 2426 in
2618 2379 2868 2443 regem.
2900 2383 2933 2423 11
2966 2362 3033 2427 Si
3062 2380 3225 2445 ergo
3251 2382 3365 2430 co-

1822 2487 2052 2534 ronam
2087 2468 2273 2551 regni
2299 2470 2399 2534 vis
2433 2468 2669 2534 habere
2697 2471 2759 2534 in
2791 2470 2972 2547 coelo,
3000 2471 3139 2536 6166
3168 2473 3365 2538 mise-

1822 2576 2115 2642 ricordiae
2141 2577 2306 2658 ungi
2330 2576 2519 2642 debes
2548 2578 2614 2641 in
2646 2578 2889 2643 mundo
2909 2577 2953 2615 ¹⁸
2976 2600 3038 2641 ια
3060 2578 3139 2644 Et
3168 2579 3366 2647 David

1825 2683 1894 2747 in
1926 2702 2046 2748 sua
2072 2684 2504 2750 misericordia
2528 2690 2902 2751 consecutus
2924 2689 3019 2751 est
3039 2686 3254 2753 sedem
3273 2705 3371 2755 re·

1827 2792 1942 2873 gni
1983 2792 2052 2855 in
2094 2792 2349 2857 saecula.
2381 2814 2414 2852 a
2570 2873 2576 2880 ἡ

1908 2899 2086 2964 Circa
2112 2902 2372 2966 tertium
2399 2904 2573 2979 nota,
2601 2902 2775 2985 quod
2797 2903 3023 2969 vinum
3050 2904 3368 2987 111661166-

1825 3009 1933 3072 tiae
1963 3012 2028 3073 et
2057 3010 2562 3092 compunctionis
2596 3015 2798 3092 sanat,
2843 3008 3038 3091 lavat,
3077 3013 3365 3077 inebriat.

1829 3113 2117 3182 Habetur
2131 3121 2344 3182 autem
2361 3136 2473 3201 per
2484 3117 2608 3183 boc
2620 3117 2848 3183 vinum
2864 3123 3098 3185 animae
3111 3121 3369 3203 sanitas,

1829 3224 1981 3290 vitae
2002 3226 2268 3309 puritas,
2286 3226 2510 3307 gratiae
2522 3226 2814 3291 ebrietas.

1911 3331 2000 3397 De
2034 3333 2242 3415 primo
2279 3333 2513 3397 dicitur
2543 3332 2669 3411 1116,
2710 3333 2881 3416 quod
2908 3332 3239 3401 vulnerato
3267 3337 3370 3401 vi·-

1828 3458 1994 3505 num
2025 3441 2260 3504 infudit
2291 3458 2309 3503 :
2338 3440 2462 3504 hoc
2488 3448 2706 3505 autem
2732 3441 2826 3520 flt,
2857 3443 3113 3524 quando
3147 3461 3373 3527 pecca-

1829 3548 1954 3612 tori
1993 3547 2495 3630 compunctionis
2521 3548 2730 3630 gratia
2767 3550 3107 3616 confertur.
3140 3551 3228 3617 De
3253 3553 3376 3619 1166

1831 3656 1986 3720 vino
2024 3654 2317 3721 Psalmus
2361 3657 2407 3693 ¹⁶¹
2454 3676 2470 3720 ε
2511 3677 2543 3717 α
2569 3655 2804 3721 Potasti
2848 3676 2968 3723 nos
3003 3658 3158 3725 vino
3194 3679 3371 3727 com·

1832 3763 2215 3846 punctionis.
2241 3783 2273 3823 s

1913 3870 2000 3935 De
2041 3868 2317 3935 secundo
2352 3870 2399 3910 ¹⁸
2437 3891 2455 3933 ε
2494 3891 2525 3932 ι
2551 3868 2816 3935 Lavabit
2857 3871 2927 3935 in
2965 3872 3119 3937 vino
3146 3875 3373 3944 stolam

1833 3995 2044 4058 suam,
2087 3999 2119 4037 »
2160 3977 2226 4041 id
2261 3980 2378 4057 est,
2425 3980 2668 4042 vestem
2707 3980 3223 4047 conversationis.
3253 3981 3373 4061 Qui

1833 4085 2006 4149 enim
2034 4085 2234 4149 vitam
2261 4101 2468 4163 suam,
2495 4087 2803 4167 tauquam
2828 4091 3094 4166 vestem,
3124 4108 3255 4155 non
3278 4090 3373 4156 la-

1834 4193 2021 4267 verit,
2051 4194 2295 4257 dicetur
2316 4193 2373 4258 ei
2392 4192 2548 4257 illud
2580 4195 2623 4233 ¹⁹
2651 4213 2667 4257 t
2699 4215 2730 4256 ι
2755 4194 3085 4271 Quomodo
3114 4198 3243 4263 buc
3270 4198 3379 4265 in-

1833 4302 2015 4365 trasti
2041 4319 2174 4365 uon
2199 4301 2442 4366 babens
2464 4305 2706 4366 vestem
2733 4304 3080 4387 nuptialem
3098 4307 3131 4371 ¹?
3158 4327 3190 4366 n

1915 4406 2002 4473 De
2021 4409 2209 4474 tertio
2231 4413 2280 4450 ²·
2312 4426 2367 4469 :oe
2398 4405 2629 4473 Bibens
2646 4409 2871 4474 vinum
2891 4410 3239 4480 inebriatus
3254 4421 3372 4497 est,

1836 4517 1900 4578 et
1918 4515 2120 4597 jacuit
2144 4516 2214 4580 iu
2246 4516 2660 4580 tabernaculo
2691 4516 2790 4599 (c).
2821 4538 2852 4578 n
2887 4517 3173 4587 Ebrietas
3201 4523 3375 4590 enim

1837 4623 2101 4707 spiritus
2127 4625 2195 4688 in
2218 4623 2703 4706 compunctione
2729 4625 2878 4689 facit
2903 4626 3209 4694 denudari
3238 4635 3377 4696 tur-

1836 4730 2193 4813 pitudinem
2236 4730 2307 4796 in
2350 4731 2759 4796 confessione.
2819 4731 2897 4797 Et
2946 4734 3110 4800 sicut
3160 4737 3378 4803 ebrius

1839 4839 2066 4902 mortis
2122 4837 2422 4921 pericn10,
2482 4837 2573 4901 ita
2629 4845 3048 4922 compunctus
3096 4844 3377 4926 periculo

1837 4944 2225 5029 poenitentiae
2269 4944 2651 5011 voluntarias
2696 4964 2766 5011 se
2809 4950 3093 5031 exponit.
3136 4949 3375 5018 Vinum

1844 5114 2107 5174 ¹..¹Mattlz
2147 5128 2271 5180 xxV,
2305 5117 2364 5166 35
2403 5119 2457 5167 et
2498 5131 2608 5183 seq.
2648 5143 2711 5154 —
2748 5118 2791 5153 ¹¹
2833 5118 2900 5170 lv
2942 5118 3080 5184 1¹⁶9„
3120 5132 3192 5186 111,
3230 5130 3279 5177 5.
3310 5151 3379 5166 ..-

1843 5188 1889 5225 ¹⁸
1923 5189 2417 5251 Ιεα.,1.11111,7.-
2458 5187 2497 5223 ¹⁴
2535 5187 2668 5246 To..b
2708 5200 2780 5254 ιν,
2818 5192 2955 5240 6.-
2982 5192 3024 5227 ¹⁸
3054 5193 3378 5263 11169.,111,

1844 5263 2059 5311 ¹3.¹-
2063 5258 2333 5319 luat-h..
2356 5260 2597 5322 1157
2627 5226 3012 5326 ”Poalwmxu
3059 5265 3197 5302 -—¹⁸
3236 5265 3379 5332 Gens,

1840 5344 1996 5395 xmx,
2042 5335 2119 5381 ¹¹.
2144 5357 2208 5369 —
2268 5329 2535 5395 91161116,
2574 5343 2719 5396 1111,
2764 5336 2821 5383 1..
2826 5335 3173 5399 .—-.,⁸⁰Gen
3197 5351 3270 5404 11,
3299 5343 3381 5408 2¹.

1908 5433 1976 5493 (α)
2009 5430 2134 5481 Coet.
2164 5429 2243 5480 6111
2238 5431 2289 5480 ’.1
2310 5428 2593 5495 gratitm—
2618 5429 2687 5495 (b)
2715 5428 2787 5480 F'o
2789 5434 2866 5481 rte
2892 5429 2992 5500 Ie9.
3016 5417 3382 5514 misericordie

1844 5515 1934 5553 sex
1964 5516 2137 5567 opera.
2167 5528 2231 5541 —
2261 5501 2330 5566 (ὁ)
2359 5504 2485 5553 cat.
2503 5499 2583 5551 eda
2578 5502 2621 5554 t.
2652 5502 3007 5558 tabernaculis.
