4059 6317
746 468 865 535 5¹18

741 604 907 663 nium
947 598 1212 678 primum
1251 598 1490 674 signum
1535 598 1994 659 communicatio
2005 618 2024 672 3
2068 613 2282 657 secun-

744 699 890 757 dnm
927 701 1012 757 est
1050 696 1269 756 servitii
1307 694 1621 767 exhibitio;
1665 694 1902 753 tertium
1937 699 2026 753 est
2069 694 2284 753 volun-

741 793 872 852 tatis
895 789 1288 849 conformatio
1300 809 1319 862 ;
1344 792 1624 864 quarmm
1650 792 1736 846 est
1760 787 2150 846 adversorum
2170 804 2282 862 pro

739 886 934 945 amico
977 884 1268 943 toleratio.
1318 883 1498 941 Valde
1540 881 1718 941 fortia
1754 886 1891 940 sunt
1930 882 2059 939 hoec
2111 881 2281 954 signa

737 978 993 1038 amoris:
1018 978 1068 1036 si
1091 976 1296 1037 omnia
1321 975 1515 1034 amico
1551 974 1980 1046 communicas,
2013 974 2066 1032 si
2091 977 2283 1032 totum

738 1073 793 1131 ei
835 1071 1139 1130 servitium
1182 1070 1518 1146 impendas,
1563 1068 1612 1127 si
1652 1072 1708 1127 te
1737 1084 1843 1143 per
1882 1068 2089 1126 omnia
2123 1067 2283 1125 illius

735 1166 1025 1229 voluntati
1052 1164 1405 1236 conformes,
1438 1166 1496 1222 et
1511 1162 1561 1220 si
1577 1179 1684 1238 pro
1708 1162 1814 1221 illo
1839 1163 1962 1237 pati
1983 1178 2283 1237 quoecum-

736 1276 856 1336 que
882 1260 1043 1319 mala
1068 1275 1192 1318 non
1219 1259 1446 1317 timeas.

809 1355 949 1413 Dico
978 1353 1144 1430 quod
1179 1350 1511 1411 dilectionis
1539 1354 1627 1409 est
1655 1349 1918 1425 primum
1946 1349 2204 1423 signum,
2232 1347 2283 1407 si

738 1448 854 1507 sibi
878 1449 1135 1507 invicem
1160 1445 1336 1505 amici
1372 1445 1578 1503 omnia
1615 1444 1779 1502 bona
1819 1441 2279 1513 communicant,

740 1546 806 1601 ut
842 1541 892 1599 si
933 1557 1089 1603 unus
1133 1540 1360 1599 amicus
1409 1538 1578 1597 alteri
1633 1537 1838 1596 omnia
1885 1552 1994 1595 sua
2039 1535 2225 1594 donat
2262 1553 2278 1592 :

738 1650 909 1695 amor
934 1634 1094 1694 enim
1133 1637 1219 1692 est
1252 1633 1485 1691 bonum
1519 1629 1973 1706 inappretiabile
1989 1672 2008 1702 ,
2033 1634 2111 1700 ,et
2143 1627 2282 1687 ideo

739 1729 844 1805 qui
870 1745 983 1803 pro
1023 1743 1228 1787 amore
1275 1726 1479 1787 omnia
1505 1724 1857 1800 temporalia
1899 1723 2113 1795 donat,
2154 1721 2282 1779 sive

738 1822 959 1889 tribuit,
999 1822 1225 1881 bonam
1263 1824 1634 1879 nummatam
1677 1818 1926 1892 accipit,
1973 1816 2118 1891 quia
2152 1831 2283 1874 rem

736 1917 919 1975 vilem
943 1932 1056 1991 pro
1095 1914 1516 1990 pretiosissima
1544 1912 1735 1972 tradit.
1784 1912 1928 1970 Hinc
1969 1910 2183 1968 dicitur
2212 1913 2231 1946 ¹
2261 1927 2277 1967 ε

743 2032 772 2065 α
818 2011 877 2069 si
922 2009 1155 2069 dederit
1192 2008 1377 2067 homo
1436 2022 1680 2065 omnem
1726 2004 2116 2063 mbstantiam
2160 2019 2281 2061 suoe

738 2104 956 2165 domus
1006 2120 1114 2178 pro
1167 2102 1518 2172 dilectione,
1572 2100 1744 2176 quasi
1807 2098 1958 2157 nihil
2001 2096 2284 2173 despiciet

736 2216 889 2272 eam,
932 2220 962 2253 n
1009 2198 1074 2256 id
1114 2201 1221 2269 est,
1261 2196 1568 2255 modicum
1614 2197 1702 2253 est
1740 2192 2041 2267 despicere
2077 2191 2282 2250 omnia

735 2309 848 2367 pro
876 2308 966 2350 ea.
991 2291 1132 2361 Quis
1160 2292 1241 2349 ita
1266 2291 1477 2349 stultus
1501 2291 1793 2347 mercator
1818 2291 1996 2358 esset,
2027 2286 2280 2361 quinon

739 2386 906 2445 daret
931 2384 1337 2445 aurichalcum
1371 2399 1486 2458 pro
1526 2398 1696 2454 auro,
1737 2385 1795 2439 et
1819 2380 2141 2456 plumbum
2167 2395 2279 2454 pro

734 2479 1018 2553 argento?
1064 2478 1206 2550 Quis
1247 2494 1374 2536 non
1428 2476 1596 2535 daret
1645 2474 1941 2534 hordeum
1989 2489 2104 2548 pro
2160 2474 2277 2531 tru-

732 2576 977 2633 mento?
1018 2576 1161 2632 ltem
1199 2571 1350 2647 quid
1391 2569 1633 2643 mirum,
1681 2568 1732 2625 si
1765 2566 1913 2626 fidat
1948 2567 2136 2625 homo
2184 2564 2277 2622 di-

730 2667 885 2727 lecto
951 2683 1095 2739 suo,
1149 2666 1254 2741 qui
1308 2662 1552 2723 tradidit
1602 2662 1658 2721 ei
1710 2676 1888 2721 omne
1942 2658 2113 2734 quod
2165 2673 2276 2733 po-

732 2765 861 2831 test,
901 2763 960 2818 et
1003 2776 1182 2820 omne
1221 2757 1391 2834 quod
1425 2757 1642 2815 habet?
1680 2759 1835 2828 Ergo
1873 2753 1980 2829 qui
2027 2752 2131 2810 dat
2175 2768 2280 2811 cor

732 2868 930 2926 suum,
957 2853 1126 2915 daret
1151 2852 1204 2911 ei
1243 2851 1418 2911 facile
1459 2864 1702 2910 omnem
1737 2846 2055 2918 mundum,
2101 2846 2281 2903 etiam

731 2947 784 3007 ai
810 2947 1020 3009 mundi
1045 2943 1658 3022 multiplicarenturin
1683 2941 1998 2999 infinitum.
2031 2940 2279 2999 Multum

734 3058 880 3116 ergo
905 3041 1161 3101 Christus
1187 3041 1428 3098 beatum
1453 3036 1744 3095 Iacobum
1772 3035 2007 3105 dilexit,
2042 3030 2102 3093 'et
2127 3034 2280 3094 mul-

735 3140 859 3194 tum
897 3136 974 3194 ab
1011 3151 1083 3193 eo
1112 3134 1361 3193 dilectus
1397 3133 1528 3205 fuit,
1574 3132 1720 3208 quia
1751 3136 1995 3207 propter
2021 3146 2157 3189 eum
2182 3132 2277 3188 Ja-

734 3229 922 3289 cobns
945 3228 1150 3288 omnia
1174 3227 1509 3302 dereliquit,
1535 3243 1658 3284 non
1681 3226 1878 3284 solum
1908 3242 2004 3283 res
2046 3228 2280 3300 tempo-

730 3322 909 3396 raleS,
930 3322 1039 3381 sed
1066 3322 1244 3380 etiam
1267 3320 1515 3385 <Eiectos
1533 3323 1826 3395 parentes,
1847 3319 1971 3377 imo
1990 3319 2277 3393 seipsum,

734 3418 903 3491 quod
931 3416 1259 3474 maximum
1290 3419 1394 3473 est.
1425 3418 1572 3472 Nam
1599 3414 1725 3488 ipse
1753 3430 1890 3471 cum
1916 3411 2094 3471 fratre
2118 3428 2279 3469 sanc-

731 3510 958 3569 tissimo
977 3554 997 3583 ,
1049 3508 1240 3568 vocati
1296 3524 1333 3566 a
1385 3508 1635 3567 homino
1655 3551 1674 3580 ,
1722 3507 2002 3566 continuo
2060 3505 2278 3565 relictis

731 3604 987 3674 retibus,
1035 3607 1094 3660 et
1125 3606 1330 3677 patre,
1375 3601 1556 3661 secuti
1601 3604 1739 3659 sunt
1781 3616 1938 3660 eum.
1987 3599 2105 3660 Sed
2141 3599 2277 3674 quis

728 3698 913 3763 hodie
958 3696 1046 3757 sic
1089 3696 1285 3770 diligit
1319 3695 1647 3754 Christum?
1682 3694 1795 3765 Qui
1839 3693 2093 3769 pauperi
2118 3691 2277 3751 Chri·

729 3792 804 3850 sti
855 3790 1188 3859 buccellam
1229 3794 1427 3863 negat,
1476 3787 1786 3863 quomodo
1832 3787 1999 3846 daret
2042 3786 2095 3844 ei
2148 3785 2277 3860 ple·

728 3901 875 3944 num
901 3884 1214 3947 modium?
1241 3882 1348 3958 qui
1366 3884 1546 3955 negat
1571 3880 1821 3956 pauperi
1850 3884 2016 3938 vetus
2044 3883 2101 3937 et
2136 3895 2277 3938 con·

728 3978 1001 4046 fractum,
1029 3976 1342 4053 quomodo
1378 3976 1636 4037 traderet
1683 3974 1739 4032 ei
1777 3990 2005 4035 novum
2044 3976 2101 4032 et
2134 3972 2275 4031 soli-

730 4073 919 4131 dum?
948 4071 1052 4147 qui
1087 4074 1266 4143 negat
1293 4069 1544 4144 pauperi
1579 4067 1931 4142 hospitium,
1959 4066 2274 4142 quomodo

730 4166 787 4225 ei
814 4165 1071 4225 traderet
1093 4164 1287 4238 ipsam
1320 4163 1617 4222 domum?
1649 4164 1802 4234 Ergo
1837 4160 1942 4235 qui
1969 4176 2081 4234 pro
2115 4159 2276 4218 Chri·
2283 4161 2293 4170 '

730 4266 819 4320 sto
847 4275 976 4319 non
998 4258 1256 4319 traderet
1279 4258 1395 4317 hoo
1422 4255 1749 4330 temporale
1775 4254 2003 4314 bonum
2019 4296 2040 4325 ,
2068 4253 2274 4328 utique

730 4369 973 4425 vanum,
992 4356 1050 4411 et
1064 4350 1393 4411 necessario
1412 4349 1765 4425 periturum,
1783 4346 2095 4422 quomodo
2110 4347 2277 4404 daret

731 4449 788 4506 ei
813 4462 1083 4511 amorem
1108 4446 1324 4504 snum?
1351 4443 1514 4502 Unde
1544 4441 1759 4501 dieimr
1781 4438 1805 4474 ¹
1833 4458 1848 4498 ε
1887 4460 1920 4495 α
1957 4441 2071 4510 Qui
2104 4440 2276 4497 vide-

730 4541 806 4599 rit
829 4541 1069 4600 fratrem
1094 4554 1269 4597 suum
1293 4536 1697 4599 necessitatem
1724 4533 1979 4604 habere,
2018 4538 2081 4595 et
2112 4533 2275 4593 clau-

731 4635 870 4695 serit
906 4635 1131 4695 viscera
1157 4648 1268 4690 sua
1293 4632 1371 4689 ab
1400 4646 1497 4704 eo,
1541 4628 1851 4704 quomodo
1894 4627 2147 4687 charitas
2174 4626 2275 4686 Dei

730 4733 932 4797 manet
962 4730 1028 4789 in
1069 4725 1215 4785 illo?
1249 4746 1279 4781 »
1323 4725 1586 4783 Fratrem
1625 4721 1964 4781 notabiliter
2003 4720 2167 4792 dicit,
2210 4724 2276 4778 ut

732 4808 1018 4883 ostendat'
1043 4824 1269 4895 quanta
1312 4818 1386 4876 sit
1426 4814 1740 4877 crudelitas
1774 4815 2129 4885 hominum,
2170 4815 2274 4889 qui

731 4933 857 4979 non
880 4918 1129 4992 pascunt
1152 4913 1392 4973 fratrem
1414 4926 1615 4982 suum,
1650 4909 1856 4983 mique
1891 4907 1992 4971 Dei
2038 4908 2272 4981 Filium,

732 5028 868 5071 cum
896 5026 1018 5069 una
1043 5023 1202 5083 equa
1225 5008 1430 5081 pascat
1453 5003 1694 5062 alterius
1719 5018 1887 5077 equae
1921 5001 2190 5078 pullum,
2218 5008 2277 5060 et

728 5106 947 5165 hinnus
983 5106 1188 5180 pascat
1227 5099 1464 5160 alterius
1505 5098 1719 5170 fllium,
1761 5100 1820 5155 et
1863 5095 2019 5154 falco
2057 5096 2272 5171 aquilae

729 5200 1069 5276 parvulum.
1405 5208 1432 5239 ⁰

799 5328 1008 5389 ἐφιῇ,
1033 5323 1350 5389 vm,.²7-
1373 5322 1576 5380 ilcan„
1601 5317 1787 5379 111,.17
1811 5316 2116 5380 —·⁸Prov.,
2144 5331 2273 5380 xxx,

735 5401 820 5458 ¹5,
853 5401 930 5448 16.
960 5363 1255 5447 -⁸B’ern.
1285 5421 1340 5433 -
1376 5355 1610 5456 Greg’„
1640 5392 1693 5440 in
1721 5389 1935 5453 Evanq„
1966 5388 2109 5439 hom.
2144 5403 2271 5454 xxx,

1719 456 2137 530 SERMONES
2176 456 2280 529 DE
2314 456 2668 530 sANG'HS.
2708 456 2973 530 xxxvl.

2460 599 3446 673 Secundumamoriseignnmest.
3488 599 3541 659 d
3578 600 3697 659 n'bi
3738 599 3929 662 (111οῶ

2390 696 2598 751 mutuo
2625 694 2896 752 serviant.
2944 686 3072 752 Non
3096 696 3289 769 potest
3319 709 3473 766 esse,
3502 699 3570 753 ut
3594 694 3754 767 ignis
3777 696 3852 753 sit
3874 695 3933 754 111

2388 786 2594 860 paleis,
2623 786 2723 845 vel
2747 787 2811 845 in
2837 787 3034 861 lignis,
3070 793 3129 846 et
3151 803 3270 845 non
3298 787 3546 847 ardeat:
3575 804 3706 846 non
3742 794 3932 863 potest

2389 880 2612 938 otiosus
2642 896 2765 939 esse
2810 880 2983 954 ignis,
3025 881 3134 940 sed
3171 898 3407 957 semper
3445 882 3678 952 crescit,
3716 883 3817 940 vel
3840 884 3933 941 de-

2388 974 2594 1033 crescit
2629 993 2645 1034 :
2684 976 2860 1049 ignis,
2898 977 3229 1037 secundum
3271 979 3631 1037 sententiam
3676 978 3935 1039 Salomo-

2389 1067 2482 1127 nis
2517 1069 2562 1139 ⁸,
2606 1073 2692 1127 est
2726 1071 3064 1129 insatiabilis
3110 1071 3212 1145 (a),
3248 1077 3307 1130 et
3333 1096 3360 1123 α
3401 1088 3727 1147 nunquam
3754 1073 3930 1132 dicit:

2388 1159 2650 1221 Sufficit:
2690 1183 2720 1218 »
2752 1162 2875 1221 imo
2904 1169 3128 1238 quanto
3171 1165 3348 1239 plura
3383 1165 3557 1239 ligna
3598 1168 3931 1241 susceperit,

2388 1256 2551 1314 tanto
2595 1255 2659 1313 in
2712 1258 3003 1329 majorem
3039 1257 3347 1319 flammam
3398 1276 3462 1317 se
3510 1259 3723 1332 erigit,
3770 1264 3830 1317 et
3870 1276 3931 1317 er

2388 1349 2755 1411 abundantia
2772 1352 3034 1410 materiae
3057 1352 3214 1412 vires
3236 1353 3438 1413 etimit.
3465 1355 3561 1413 Sic
3582 1354 3654 1411 in
3678 1353 3933 1428 spiritua-

2388 1440 2544 1501 libus
2570 1460 2679 1518 per
2716 1445 2920 1505 omnia
2943 1445 3080 1504 facit
3103 1446 3195 1504 vis
3240 1447 3463 1505 amoris
3500 1465 3519 1505 ε
3560 1464 3745 1506 amor
3788 1448 3929 1506 enin

2389 1537 2693 1611 quiescere
2725 1538 2941 1609 nescit,
2980 1538 3121 1611 sed,
3158 1540 3306 1598 sicut
3350 1540 3697 1599 Bernardus
3733 1541 3875 1599 dicit
3895 1544 3929 1612 ⁸,

2387 1629 2487 1687 vel
2514 1631 2737 1704 crescit,
2756 1632 2851 1691 vel
2870 1632 3089 1705 deficit,
3108 1634 3254 1709 quia
3270 1639 3427 1693 stare
3443 1634 3660 1693 nescit.
3681 1636 3704 1671 ⁸
3721 1655 3753 1691 ι
3770 1640 3929 1694 Amor

2389 1724 2490 1782 Dei
2518 1739 2642 1782 non
2670 1728 2757 1783 est
2794 1725 3020 1785 otiosus
3050 1746 3066 1785 ι
3104 1732 3385 1802 operatur
3410 1728 3576 1786 enim
3624 1745 3867 1801 magna,
3890 1729 3929 1785 si

2388 1816 2567 1889 est;ei
2587 1818 2823 1891 operari
2848 1819 3060 1891 renuit,
3085 1820 3214 1892 jam
3240 1836 3412 1879 amor
3435 1837 3565 1879 non
3594 1824 3705 1879 eet.
3727 1844 3759 1875 ι
3792 1823 3928 1881 Sient
3982 1836 4059 1877 ean

2388 1909 2550 1973 enim
2591 1927 2785 1984 ursus,
2829 1912 2908 1971 ad
2946 1912 3155 1987 palum
3194 1914 3433 1988 ligatus,
3477 1920 3609 1973 tota
3646 1914 3749 1974 die
3794 1896 4045 1974 cim*

2386 2003 2644 2077 stipitem
2673 2021 2737 2065 se
2762 2006 2952 2078 vertit,
2990 2006 3076 2064 sic
3102 2022 3274 2066 amor
3316 2007 3606 2067 continue
3637 2009 3724 2067 ad
3764 2013 3928 2067 Deum

2388 2101 2446 2154 et
2480 2097 2560 2155 ad
2597 2098 2945 2173 proximum
2986 2116 3052 2158 se
3089 2101 3395 2159 convertit.
3445 2102 3622 2161 Unde
3666 2103 3928 2161 Dominus

2389 2190 2539 2249 dixit
2578 2192 2821 2264 Jaeobo,
2852 2198 2910 2251 et
2947 2194 3169 2253 caeteris
3202 2194 3498 2270 Apostolis
3528 2197 3553 2231 ⁸
3592 2213 3608 2252 :
3660 2216 3691 2250 ι
3720 2197 3780 2255 Si
3814 2196 3927 2271 quis

2389 2284 2584 2359 diligit
2608 2302 2727 2357 me,
2758 2303 3099 2347 sermonem
3122 2305 3323 2347 meum
3350 2289 3639 2348 servabit.
3671 2311 3703 2347 ι
3736 2294 3928 2363 Grego-

2385 2378 2511 2439 rius
2536 2379 2680 2438 dicit
2700 2381 2723 2417 ⁷
2753 2399 2769 2438 ε
2806 2401 2837 2433 α
2862 2381 3137 2441 Probatio
3167 2382 3502 2441 dilectionis
3526 2386 3621 2441 est
3656 2384 3925 2442 exhibin'e

2387 2473 2605 2546 operis.
2652 2494 2683 2531 »
2722 2477 2852 2534 Non
2886 2479 3080 2550 potest
3119 2492 3243 2535 esse
3276 2481 3342 2535 ut
3370 2476 3529 2550 ignis
3576 2477 3680 2549 sit,
3724 2484 3785 2536 et
3822 2494 3927 2536 noa

2387 2566 2717 2642 calefaciat3
2769 2584 2881 2627 nec
2928 2569 3195 2629 similiter
3232 2574 3425 2645 potest
3465 2587 3621 2644 eme,
3664 2576 3737 2630 ut
3777 2588 3929 2630 amor

2386 2659 2480 2731 sit,
2505 2665 2564 2721 et
2590 2677 2713 2721 non
2738 2661 2980 2723 ferveat.
3022 2663 3124 2722 Hic
3149 2662 3467 2738 Apostolus
3500 2670 3771 2736 sanctus,
3798 2665 3927 2723 dnm

2388 2754 2659 2815 accendit
2680 2755 2885 2830 ignem
2910 2756 3240 2829 ardentem,
3262 2758 3420 2817 intus
3448 2757 3646 2817 celare
3678 2774 3809 2817 non
3835 2774 3930 2833 po-

2386 2847 2528 2920 tuit3
2558 2847 2665 2907 sed
2692 2849 2919 2923 primus
2946 2849 3025 2908 de
3049 2850 3339 2909 omnibus
3356 2851 3648 2926 apostolis
3673 2868 3928 2910 amem

2386 2939 2612 3001 Christo
2653 2942 2945 3017 reddidit,
2990 2960 3173 3019 quem
3212 2945 3443 3019 accepit
3476 2960 3673 3004 :nam
3714 2946 3928 3019 prinus

2386 3034 2537 3093 inter
2565 3050 2774 3094 omnes
2799 3037 3107 3110 apostolos
3127 3051 3243 3111 pro
3272 3038 3505 3096 Christo
3528 3039 3713 3097 morti
3735 3055 3796 3097 se
3820 3044 3929 3097 tre-

2386 3126 3248 3206 didigncutdicimss,quia
3295 3132 3929 3191 «misitflerodesrex

2386 3236 2601 3283 manue
2627 3227 2693 3283 ut
2718 3223 3004 3297 affligeret
3028 3225 3329 3300 quosdam
3352 3226 3425 3284 de
3450 3226 3715 3285 Ecclesia
3740 3245 3756 3285 ε
3779 3224 3927 3286 ocei—

2387 3314 2477 3373 dit
2501 3320 2698 3377 autem
2736 3318 3028 3378 Iacobum
3063 3318 3307 3379 tratrem
3343 3321 3593 3379 loannis
3631 3321 3859 3395 gladio.
3898 3343 3923 3375 ι

2387 3411 2531 3472 Vide
2558 3413 2895 3486 Legendam
2920 3415 2967 3485 ’,
2992 3416 3304 3489 quomodo
3334 3419 3394 3475 et
3434 3432 3624 3491 quare
3670 3423 3929 3477 mou-tuus

2384 3505 2579 3574 fuerit,
2623 3510 2683 3565 et
2708 3505 2785 3564 de
2822 3507 3111 3567 miraculo
3159 3507 3328 3583 quod
3372 3510 3439 3567 in
3479 3510 3583 3568 via
3615 3511 3778 3583 fecit,
3824 3516 3925 3569 em

2385 3599 2696 3674 Attendite,
2723 3600 2933 3659 frames
2964 3618 2980 3659 2
3005 3600 3056 3659 si
3083 3602 3376 3661 Chrhmm
3407 3602 3676 3678 diligitis,
3706 3621 3781 3662 ex
3818 3621 3926 3661 aee·

2384 3694 2530 3753 vitio
2555 3700 2801 3769 pensate
2849 3713 2866 3752 =
2911 3695 3019 3771 qui
3057 3695 3220 3754 enim
3259 3696 3489 3770 diligit,
3524 3698 3710 3756 servit
3744 3714 3924 3771 :crgo

2386 3787 2493 3862 qui
2518 3789 2866 3860 nonservit,
2903 3803 3029 3848 non
3056 3789 3300 3862 diligit:
3342 3790 3453 3849 scd
3486 3807 3602 3849 nos
3642 3807 3773 3850 non
3814 3807 3927 3849 ser·

2385 3882 2599 3953 vimus,
2633 3881 2779 3956 quia
2805 3880 3010 3940 divina
3036 3886 3333 3958 proecepta
3360 3899 3487 3943 non
3508 3885 3771 3959 agimus,
3814 3900 3926 3944 noa

2384 3988 2713 4044 servamus,
2740 3974 2850 4033 sed
2875 3976 3174 4035 mundum
3198 3993 3492 4049 mmm,
3529 3982 3587 4036 et
3613 3978 3925 4037 mundanis

2384 4068 2539 4127 curis
2566 4067 2973 4127 intendimus:
3003 4068 3260 4128 bonores
3295 4072 3651 4145 appetitum,
3696 4089 3925 4131 carnae

2386 4162 2696 4221 nutrimus.
2739 4161 3035 4221 Christum
3060 4162 3240 4236 igitur
3276 4164 3593 4223 Dominum
3622 4182 3749 4225 non
3774 4183 3925 4225 aaa·

2385 4271 2562 4315 mus:
2594 4254 2901 4328 1311616111
2928 4256 3136 4314 mortis
3171 4272 3395 4329 sums,
3440 4258 3639 4331 quia«
3667 4260 3774 4334 qui
3810 4274 3924 4318 nou

2387 4348 2599 4421 diligit,
2623 4350 2855 4409 manet
2839 4365 2904 4407 in
2919 4356 3134 4425 morte,
3156 4372 3189 4409 ι
3209 4351 3360 4411 sicut
3384 4353 3600 4413 dicitur
3630 4355 3693 4412 ¹⁰.

2456 4442 2675 4516 Tertio,
2702 4443 3033 4518 perfectum
3070 4445 3293 4505 amor’ss
3328 4447 3564 4520 signnm
3601 4454 3711 4522 est,
3748 4448 3804 4507 si
3829 4466 3925 4508 vo-

2383 4534 2579 4597 tunm
2611 4552 2753 4595 cum
2775 4535 3079 4597 voluntate
3119 4540 3465 4607 conveniat,
3502 4546 3571 4599 ut
3594 4542 3763 4601 idem
3804 4559 3925 4601 om-

2384 4629 2528 4687 nino
2565 4628 2752 4689 velint
2796 4635 2856 4689 et
2900 4631 3168 4706 sapiant,
3213 4633 3279 4691 in
3311 4634 3480 4693 nullo
3519 4635 3758 4710 peritis
3802 4651 3924 4695 oon-

2384 4723 2695 4796 tradieant,
2724 4725 2809 4783 ita
2832 4730 3056 4797 tamen,
3096 4732 3162 4785 ut
3196 4726 3351 4785 1111111.
3389 4727 3556 4787 aliud
3595 4746 3787 4804 quam
3824 4731 3925 4789 bo-

2386 4831 2537 4875 num
2572 4822 2867 4891 appetant.
2914 4820 3067 4879 Nan
3098 4819 3163 4877 in
3202 4820 3379 4879 malis
3416 4838 3545 4881 eme
3582 4839 3715 4882 non
3758 4824 3925 4884 debet

2386 4909 2767 4971 conformitas
2793 4911 3187 4986 voluntatum,
3221 4914 3627 4988 quiana-ctus
3650 4934 3825 4977 amor
3846 4934 3923 4976 re-

2383 5002 2537 5077 fugit
2548 5020 2729 5064 omne
2744 5005 3001 5067 nial-t
3012 5009 3225 5068 Narrat
3235 5008 3500 5068 Valerium
3516 5011 3579 5083 ¹¹,
3596 5012 3773 5087 quod
3788 5013 3921 5072 dn

2384 5172 2437 5208 n.
2468 5160 2515 5213 2.
2559 5185 2614 5197 —
2648 5159 2669 5195 ⁸
2702 5161 2865 5219 Joan„
2894 5171 3002 5225 xlv,
3041 5163 3123 5211 23.
3156 5188 3221 5199 -
3248 5163 3265 5191 ⁷
3294 5164 3473 5230 Greg.,
3504 5164 3595 5215 uhi
3630 5179 3772 5229 sup„
3798 5180 3851 5217 11.
3882 5172 3919 5214 t.

2386 5256 2447 5268 —
2489 5230 2511 5266 ⁸
2549 5230 2680 5296 Act„
2719 5243 2824 5295 ιιι,
2865 5236 2909 5285 1.
2944 5255 3003 5268 -
3048 5235 3067 5263 ⁹
3106 5236 3249 5299 Sur..
3289 5237 3348 5289 25
3390 5236 3586 5287 Jul.--
3628 5239 3669 5273 ²·
3708 5240 3727 5288 1
3768 5238 3917 5297 len„

2385 5312 2464 5366 111,
2500 5304 2575 5355 ιι
2600 5327 2661 5340 --
2695 5304 2727 5337 ⁸¹
2759 5302 3114 5368 Valenxu„
3145 5305 3233 5356 lib.
3267 5307 3357 5372 Vt,
3385 5322 3434 5361 c.
3462 5320 3537 5372 iv,
3562 5322 3623 5362 n.
3652 5314 3702 5361 4.

2450 5390 2518 5455 (a)
2553 5391 2704 5456 Vulg-
2732 5393 3109 5449 incumbitis.
