<?xml version="1.0" encoding="UTF-8"?>
<!DOCTYPE html PUBLIC "-//W3C//DTD XHTML 1.0 Transitional//EN"
    "http://www.w3.org/TR/xhtml1/DTD/xhtml1-transitional.dtd">
<html xmlns="http://www.w3.org/1999/xhtml" xml:lang="en" lang="en">
 <head>
  <title>
</title>
<meta http-equiv="Content-Type" content="text/html;charset=utf-8" />
  <meta name='ocr-system' content='tesseract 3.04.00' />
  <meta name='ocr-capabilities' content='ocr_page ocr_carea ocr_par ocr_line ocrx_word'/>
</head>
<body>
  <div class='ocr_page' id='page_1' title='image "./srecardinalissb02peltgoog_0563.png"; bbox 0 0 4059 6317; ppageno 0'>
   <div class='ocr_carea' id='block_1_1' title="bbox 1268 458 2293 529">
    <p class='ocr_par' dir='ltr' id='par_1_1' title="bbox 1268 458 2293 529">
     <span class='ocr_line' id='line_1_1' title="bbox 1268 458 2293 529; baseline 0.002 -5"><span class='ocrx_word' id='word_1_1' title='bbox 1268 460 1369 525; x_wconf 88' lang='lat' dir='ltr'><strong>DE</strong></span> <span class='ocrx_word' id='word_1_2' title='bbox 1406 458 1474 527; x_wconf 89' lang='lat' dir='ltr'><strong>S.</strong></span> <span class='ocrx_word' id='word_1_3' title='bbox 1516 460 1859 528; x_wconf 82' lang='lat' dir='ltr'><strong>AGNETE.</strong></span> <span class='ocrx_word' id='word_1_4' title='bbox 1903 460 2171 529; x_wconf 65' lang='lat' dir='ltr'><strong>selmo</strong></span> <span class='ocrx_word' id='word_1_5' title='bbox 2214 461 2293 527; x_wconf 88' lang='lat'><strong>11.</strong></span> 
     </span>
    </p>
   </div>
   <div class='ocr_carea' id='block_1_2' title="bbox 191 592 1743 2081">
    <p class='ocr_par' dir='ltr' id='par_1_2' title="bbox 191 592 1741 1328">
     <span class='ocr_line' id='line_1_2' title="bbox 193 592 1732 672; baseline 0.001 -17"><span class='ocrx_word' id='word_1_6' title='bbox 193 592 550 671; x_wconf 78' lang='lat' dir='ltr'><strong>munditiam</strong></span> <span class='ocrx_word' id='word_1_7' title='bbox 575 612 640 655; x_wconf 84' lang='lat' dir='ltr'><strong>se</strong></span> <span class='ocrx_word' id='word_1_8' title='bbox 666 594 882 655; x_wconf 79' lang='lat' dir='ltr'><strong>divinis</strong></span> <span class='ocrx_word' id='word_1_9' title='bbox 921 596 1169 657; x_wconf 82' lang='lat' dir='ltr'><strong>servitiis</strong></span> <span class='ocrx_word' id='word_1_10' title='bbox 1198 596 1593 672; x_wconf 79' lang='lat' dir='ltr'><strong>devovend03</strong></span> <span class='ocrx_word' id='word_1_11' title='bbox 1641 614 1732 657; x_wconf 86' lang='lat' dir='ltr'><strong>se·</strong></span> 
     </span>
     <span class='ocr_line' id='line_1_3' title="bbox 194 688 1735 767; baseline 0.003 -21"><span class='ocrx_word' id='word_1_12' title='bbox 194 688 394 747; x_wconf 88' lang='lat' dir='ltr'><strong>cundo</strong></span> <span class='ocrx_word' id='word_1_13' title='bbox 417 704 526 764; x_wconf 88' lang='lat' dir='ltr'><strong>per</strong></span> <span class='ocrx_word' id='word_1_14' title='bbox 542 690 904 763; x_wconf 74' lang='lat' dir='ltr'><strong>condignam</strong></span> <span class='ocrx_word' id='word_1_15' title='bbox 921 691 1076 763; x_wconf 88' lang='lat' dir='ltr'><strong>poeni</strong></span> <span class='ocrx_word' id='word_1_16' title='bbox 1084 691 1324 751; x_wconf 87' lang='lat' dir='ltr'><strong>tentiam</strong></span> <span class='ocrx_word' id='word_1_17' title='bbox 1339 708 1577 751; x_wconf 88' lang='lat' dir='ltr'><strong>carnem</strong></span> <span class='ocrx_word' id='word_1_18' title='bbox 1597 708 1735 767; x_wconf 86' lang='lat' dir='ltr'><strong>ope-</strong></span> 
     </span>
     <span class='ocr_line' id='line_1_4' title="bbox 191 780 1737 860; baseline 0.002 -20"><span class='ocrx_word' id='word_1_19' title='bbox 191 780 360 840; x_wconf 81' lang='lat' dir='ltr'><strong>ribus</strong></span> <span class='ocrx_word' id='word_1_20' title='bbox 384 783 746 842; x_wconf 89' lang='lat' dir='ltr'><strong>macerando</strong></span> <span class='ocrx_word' id='word_1_21' title='bbox 771 803 790 857; x_wconf 90' lang='lat'>;</span> <span class='ocrx_word' id='word_1_22' title='bbox 817 785 986 842; x_wconf 88' lang='lat' dir='ltr'><strong>tertio</strong></span> <span class='ocrx_word' id='word_1_23' title='bbox 1014 801 1120 860; x_wconf 91' lang='lat' dir='ltr'><strong>per</strong></span> <span class='ocrx_word' id='word_1_24' title='bbox 1158 786 1455 844; x_wconf 88' lang='lat' dir='ltr'><strong>malorum</strong></span> <span class='ocrx_word' id='word_1_25' title='bbox 1482 784 1737 844; x_wconf 89' lang='lat' dir='ltr'><strong>toleran-</strong></span> 
     </span>
     <span class='ocr_line' id='line_1_5' title="bbox 192 875 1737 951; baseline 0.005 -19"><span class='ocrx_word' id='word_1_26' title='bbox 192 875 339 933; x_wconf 84' lang='lat' dir='ltr'><strong>tiam</strong></span> <span class='ocrx_word' id='word_1_27' title='bbox 373 876 517 951; x_wconf 86' lang='lat' dir='ltr'><strong>ipsis</strong></span> <span class='ocrx_word' id='word_1_28' title='bbox 563 877 910 937; x_wconf 84' lang='lat' dir='ltr'><strong>resistendo.</strong></span> <span class='ocrx_word' id='word_1_29' title='bbox 945 881 1006 937; x_wconf 88' lang='lat' dir='ltr'><strong>ln</strong></span> <span class='ocrx_word' id='word_1_30' title='bbox 1054 879 1146 936; x_wconf 85' lang='lat' dir='ltr'><strong>his</strong></span> <span class='ocrx_word' id='word_1_31' title='bbox 1194 880 1350 938; x_wconf 90' lang='lat' dir='ltr'><strong>enim</strong></span> <span class='ocrx_word' id='word_1_32' title='bbox 1397 880 1587 939; x_wconf 84' lang='lat' dir='ltr'><strong>tribus</strong></span> <span class='ocrx_word' id='word_1_33' title='bbox 1615 881 1737 939; x_wconf 82' lang='lat' dir='ltr'><strong>vita</strong></span> 
     </span>
     <span class='ocr_line' id='line_1_6' title="bbox 192 971 1735 1046; baseline 0.004 -19"><span class='ocrx_word' id='word_1_34' title='bbox 192 971 454 1043; x_wconf 81' lang='lat' dir='ltr'><strong>perfecta</strong></span> <span class='ocrx_word' id='word_1_35' title='bbox 477 971 769 1029; x_wconf 72' lang='lat' dir='ltr'><strong>consistit:</strong></span> <span class='ocrx_word' id='word_1_36' title='bbox 792 972 1011 1046; x_wconf 88' lang='lat' dir='ltr'><strong>primo,</strong></span> <span class='ocrx_word' id='word_1_37' title='bbox 1030 973 1078 1030; x_wconf 88' lang='lat' dir='ltr'><strong>si</strong></span> <span class='ocrx_word' id='word_1_38' title='bbox 1098 973 1389 1032; x_wconf 76' lang='lat' dir='ltr'><strong>munditia</strong></span> <span class='ocrx_word' id='word_1_39' title='bbox 1415 980 1472 1032; x_wconf 86' lang='lat' dir='ltr'><strong>et</strong></span> <span class='ocrx_word' id='word_1_40' title='bbox 1499 974 1735 1033; x_wconf 80' lang='lat' dir='ltr'><strong>devotio</strong></span> 
     </span>
     <span class='ocr_line' id='line_1_7' title="bbox 193 1063 1736 1141; baseline 0.005 -21"><span class='ocrx_word' id='word_1_41' title='bbox 193 1063 272 1121; x_wconf 79' lang='lat' dir='ltr'><strong>sit</strong></span> <span class='ocrx_word' id='word_1_42' title='bbox 311 1063 376 1121; x_wconf 85' lang='lat' dir='ltr'><strong>in</strong></span> <span class='ocrx_word' id='word_1_43' title='bbox 429 1064 610 1123; x_wconf 90' lang='lat' dir='ltr'><strong>corde</strong></span> <span class='ocrx_word' id='word_1_44' title='bbox 625 1083 645 1137; x_wconf 84' lang='lat'>3</span> <span class='ocrx_word' id='word_1_45' title='bbox 698 1065 994 1139; x_wconf 89' lang='lat' dir='ltr'><strong>secundo,</strong></span> <span class='ocrx_word' id='word_1_46' title='bbox 1050 1066 1100 1123; x_wconf 90' lang='lat' dir='ltr'><strong>si</strong></span> <span class='ocrx_word' id='word_1_47' title='bbox 1149 1067 1451 1139; x_wconf 76' lang='lat' dir='ltr'><strong>castigatio</strong></span> <span class='ocrx_word' id='word_1_48' title='bbox 1505 1068 1580 1126; x_wconf 89' lang='lat' dir='ltr'><strong>sit</strong></span> <span class='ocrx_word' id='word_1_49' title='bbox 1628 1084 1736 1141; x_wconf 86' lang='lat' dir='ltr'><strong>pro</strong></span> 
     </span>
     <span class='ocr_line' id='line_1_8' title="bbox 193 1158 1741 1236; baseline 0.003 -20"><span class='ocrx_word' id='word_1_50' title='bbox 193 1159 450 1233; x_wconf 85' lang='lat' dir='ltr'><strong>peccatis</strong></span> <span class='ocrx_word' id='word_1_51' title='bbox 476 1158 541 1217; x_wconf 91' lang='lat' dir='ltr'><strong>in</strong></span> <span class='ocrx_word' id='word_1_52' title='bbox 562 1175 842 1235; x_wconf 85' lang='lat' dir='ltr'><strong>corpore;</strong></span> <span class='ocrx_word' id='word_1_53' title='bbox 866 1160 1058 1232; x_wconf 85' lang='lat' dir='ltr'><strong>tertio,</strong></span> <span class='ocrx_word' id='word_1_54' title='bbox 1077 1160 1128 1218; x_wconf 91' lang='lat' dir='ltr'><strong>si</strong></span> <span class='ocrx_word' id='word_1_55' title='bbox 1148 1160 1432 1235; x_wconf 86' lang='lat' dir='ltr'><strong>patientia</strong></span> <span class='ocrx_word' id='word_1_56' title='bbox 1458 1166 1741 1236; x_wconf 87' lang='lat' dir='ltr'><strong>appareat</strong></span> 
     </span>
     <span class='ocr_line' id='line_1_9' title="bbox 195 1252 564 1328; baseline 0.005 -18"><span class='ocrx_word' id='word_1_57' title='bbox 195 1252 261 1310; x_wconf 92' lang='lat' dir='ltr'><strong>in</strong></span> <span class='ocrx_word' id='word_1_58' title='bbox 286 1257 564 1328; x_wconf 88' lang='lat' dir='ltr'><strong>utroque.</strong></span> 
     </span>
    </p>

    <p class='ocr_par' dir='ltr' id='par_1_3' title="bbox 193 1345 1743 2081">
     <span class='ocr_line' id='line_1_10' title="bbox 267 1345 1742 1424; baseline 0.003 -20"><span class='ocrx_word' id='word_1_59' title='bbox 267 1345 407 1406; x_wconf 90' lang='lat' dir='ltr'><strong>Dico</strong></span> <span class='ocrx_word' id='word_1_60' title='bbox 460 1347 626 1422; x_wconf 87' lang='lat' dir='ltr'><strong>quod</strong></span> <span class='ocrx_word' id='word_1_61' title='bbox 669 1347 795 1407; x_wconf 80' lang='lat' dir='ltr'><strong>haec</strong></span> <span class='ocrx_word' id='word_1_62' title='bbox 841 1348 1017 1407; x_wconf 89' lang='lat' dir='ltr'><strong>beata</strong></span> <span class='ocrx_word' id='word_1_63' title='bbox 1062 1349 1233 1422; x_wconf 86' lang='lat' dir='ltr'><strong>virgo</strong></span> <span class='ocrx_word' id='word_1_64' title='bbox 1275 1365 1338 1408; x_wconf 89' lang='lat' dir='ltr'><strong>se</strong></span> <span class='ocrx_word' id='word_1_65' title='bbox 1392 1348 1742 1424; x_wconf 76' lang='lat' dir='ltr'><strong>praeparavit</strong></span> 
     </span>
     <span class='ocr_line' id='line_1_11' title="bbox 193 1439 1740 1514; baseline 0.003 -17"><span class='ocrx_word' id='word_1_66' title='bbox 193 1439 393 1513; x_wconf 88' lang='lat' dir='ltr'><strong>primo</strong></span> <span class='ocrx_word' id='word_1_67' title='bbox 431 1454 542 1514; x_wconf 88' lang='lat' dir='ltr'><strong>per</strong></span> <span class='ocrx_word' id='word_1_68' title='bbox 576 1456 780 1500; x_wconf 84' lang='lat' dir='ltr'><strong>veram</strong></span> <span class='ocrx_word' id='word_1_69' title='bbox 818 1441 1016 1500; x_wconf 87' lang='lat' dir='ltr'><strong>cordis</strong></span> <span class='ocrx_word' id='word_1_70' title='bbox 1054 1442 1410 1501; x_wconf 77' lang='lat' dir='ltr'><strong>munditiam</strong></span> <span class='ocrx_word' id='word_1_71' title='bbox 1436 1446 1495 1500; x_wconf 91' lang='lat' dir='ltr'><strong>et</strong></span> <span class='ocrx_word' id='word_1_72' title='bbox 1519 1442 1740 1501; x_wconf 90' lang='lat' dir='ltr'><strong>oratio-</strong></span> 
     </span>
     <span class='ocr_line' id='line_1_12' title="bbox 193 1534 1740 1595; baseline 0.003 -5"><span class='ocrx_word' id='word_1_73' title='bbox 193 1549 336 1591; x_wconf 89' lang='lat' dir='ltr'><strong>nem</strong></span> <span class='ocrx_word' id='word_1_74' title='bbox 363 1534 660 1594; x_wconf 78' lang='lat' dir='ltr'><strong>devotam.</strong></span> <span class='ocrx_word' id='word_1_75' title='bbox 712 1535 770 1593; x_wconf 90' lang='lat' dir='ltr'><strong>Si</strong></span> <span class='ocrx_word' id='word_1_76' title='bbox 811 1535 971 1594; x_wconf 89' lang='lat' dir='ltr'><strong>enim</strong></span> <span class='ocrx_word' id='word_1_77' title='bbox 1012 1553 1118 1594; x_wconf 88' lang='lat' dir='ltr'><strong>cor</strong></span> <span class='ocrx_word' id='word_1_78' title='bbox 1145 1540 1232 1595; x_wconf 81' lang='lat' dir='ltr'><strong>est</strong></span> <span class='ocrx_word' id='word_1_79' title='bbox 1259 1536 1529 1595; x_wconf 82' lang='lat' dir='ltr'><strong>omnium</strong></span> <span class='ocrx_word' id='word_1_80' title='bbox 1553 1553 1740 1594; x_wconf 89' lang='lat' dir='ltr'><strong>mem·</strong></span> 
     </span>
     <span class='ocr_line' id='line_1_13' title="bbox 194 1627 1743 1704; baseline 0.001 -18"><span class='ocrx_word' id='word_1_81' title='bbox 194 1627 448 1686; x_wconf 85' lang='lat' dir='ltr'><strong>brorum</strong></span> <span class='ocrx_word' id='word_1_82' title='bbox 471 1629 762 1704; x_wconf 89' lang='lat' dir='ltr'><strong>primum,</strong></span> <span class='ocrx_word' id='word_1_83' title='bbox 791 1634 850 1688; x_wconf 93' lang='lat' dir='ltr'><strong>et</strong></span> <span class='ocrx_word' id='word_1_84' title='bbox 873 1629 1094 1689; x_wconf 82' lang='lat' dir='ltr'><strong>fontale</strong></span> <span class='ocrx_word' id='word_1_85' title='bbox 1117 1631 1298 1688; x_wconf 86' lang='lat' dir='ltr'><strong>totius</strong></span> <span class='ocrx_word' id='word_1_86' title='bbox 1322 1631 1487 1701; x_wconf 78' lang='lat' dir='ltr'><strong>vitae,</strong></span> <span class='ocrx_word' id='word_1_87' title='bbox 1519 1634 1743 1688; x_wconf 87' lang='lat' dir='ltr'><strong>motus·</strong></span> 
     </span>
     <span class='ocr_line' id='line_1_14' title="bbox 194 1722 1741 1797; baseline 0.002 -18"><span class='ocrx_word' id='word_1_88' title='bbox 194 1738 316 1795; x_wconf 90' lang='lat' dir='ltr'><strong>que</strong></span> <span class='ocrx_word' id='word_1_89' title='bbox 367 1722 726 1797; x_wconf 87' lang='lat' dir='ltr'><strong>principium</strong></span> <span class='ocrx_word' id='word_1_90' title='bbox 746 1767 767 1796; x_wconf 89' lang='lat'><strong>,</strong></span> <span class='ocrx_word' id='word_1_91' title='bbox 824 1724 912 1782; x_wconf 86' lang='lat' dir='ltr'><strong>sic</strong></span> <span class='ocrx_word' id='word_1_92' title='bbox 958 1724 1253 1783; x_wconf 77' lang='lat' dir='ltr'><strong>munditia</strong></span> <span class='ocrx_word' id='word_1_93' title='bbox 1306 1727 1394 1782; x_wconf 82' lang='lat' dir='ltr'><strong>est</strong></span> <span class='ocrx_word' id='word_1_94' title='bbox 1440 1725 1741 1782; x_wconf 89' lang='lat' dir='ltr'><strong>bonorum</strong></span> 
     </span>
     <span class='ocr_line' id='line_1_15' title="bbox 194 1814 1740 1892; baseline 0.001 -19"><span class='ocrx_word' id='word_1_95' title='bbox 194 1815 466 1873; x_wconf 85' lang='lat' dir='ltr'><strong>omnium</strong></span> <span class='ocrx_word' id='word_1_96' title='bbox 494 1814 968 1876; x_wconf 80' lang='lat' dir='ltr'><strong>fundamentum.</strong></span> <span class='ocrx_word' id='word_1_97' title='bbox 989 1818 1055 1875; x_wconf 92' lang='lat' dir='ltr'><strong>ln</strong></span> <span class='ocrx_word' id='word_1_98' title='bbox 1075 1818 1243 1890; x_wconf 88' lang='lat' dir='ltr'><strong>cujus</strong></span> <span class='ocrx_word' id='word_1_99' title='bbox 1261 1820 1499 1892; x_wconf 87' lang='lat' dir='ltr'><strong>signum</strong></span> <span class='ocrx_word' id='word_1_100' title='bbox 1520 1816 1740 1877; x_wconf 89' lang='lat' dir='ltr'><strong>albedo</strong></span> 
     </span>
     <span class='ocr_line' id='line_1_16' title="bbox 195 1908 1743 1987; baseline 0.003 -19"><span class='ocrx_word' id='word_1_101' title='bbox 195 1908 469 1968; x_wconf 90' lang='lat' dir='ltr'><strong>omnium</strong></span> <span class='ocrx_word' id='word_1_102' title='bbox 496 1911 766 1971; x_wconf 89' lang='lat' dir='ltr'><strong>colorum</strong></span> <span class='ocrx_word' id='word_1_103' title='bbox 794 1916 882 1971; x_wconf 89' lang='lat' dir='ltr'><strong>est</strong></span> <span class='ocrx_word' id='word_1_104' title='bbox 904 1912 1264 1987; x_wconf 87' lang='lat' dir='ltr'><strong>principium</strong></span> <span class='ocrx_word' id='word_1_105' title='bbox 1283 1915 1324 1984; x_wconf 83' lang='lat'><strong>¹,</strong></span> <span class='ocrx_word' id='word_1_106' title='bbox 1344 1928 1456 1971; x_wconf 91' lang='lat' dir='ltr'><strong>nec</strong></span> <span class='ocrx_word' id='word_1_107' title='bbox 1482 1928 1743 1985; x_wconf 87' lang='lat' dir='ltr'><strong>congrue</strong></span> 
     </span>
     <span class='ocr_line' id='line_1_17' title="bbox 193 2003 1743 2081; baseline 0.003 -20"><span class='ocrx_word' id='word_1_108' title='bbox 193 2007 393 2078; x_wconf 84' lang='lat' dir='ltr'><strong>potest</strong></span> <span class='ocrx_word' id='word_1_109' title='bbox 417 2003 585 2064; x_wconf 91' lang='lat' dir='ltr'><strong>color</strong></span> <span class='ocrx_word' id='word_1_110' title='bbox 625 2005 839 2081; x_wconf 89' lang='lat' dir='ltr'><strong>aliquis</strong></span> <span class='ocrx_word' id='word_1_111' title='bbox 864 2007 1032 2080; x_wconf 81' lang='lat' dir='ltr'><strong>pingi</strong></span> <span class='ocrx_word' id='word_1_112' title='bbox 1051 2048 1069 2076; x_wconf 92' lang='lat'><strong>,</strong></span> <span class='ocrx_word' id='word_1_113' title='bbox 1100 2006 1214 2064; x_wconf 86' lang='lat' dir='ltr'><strong>nisi</strong></span> <span class='ocrx_word' id='word_1_114' title='bbox 1242 2007 1294 2064; x_wconf 89' lang='lat' dir='ltr'><strong>ei</strong></span> <span class='ocrx_word' id='word_1_115' title='bbox 1322 2006 1497 2064; x_wconf 86' lang='lat' dir='ltr'><strong>fuerit</strong></span> <span class='ocrx_word' id='word_1_116' title='bbox 1522 2006 1743 2066; x_wconf 80' lang='lat' dir='ltr'><strong>albedo</strong></span> 
     </span>
    </p>
   </div>
   <div class='ocr_carea' id='block_1_3' title="bbox 0 2098 1744 2268">
    <p class='ocr_par' dir='ltr' id='par_1_4' title="bbox 0 2098 1744 2268">
     <span class='ocr_line' id='line_1_18' title="bbox 11 2098 1744 2176; baseline -0.001 -15"><span class='ocrx_word' id='word_1_117' title='bbox 11 2119 164 2161; x_wconf 70' lang='lat' dir='ltr'><strong>exem-</strong></span> <span class='ocrx_word' id='word_1_118' title='bbox 194 2098 507 2156; x_wconf 86' lang='lat' dir='ltr'><strong>substrata.</strong></span> <span class='ocrx_word' id='word_1_119' title='bbox 539 2098 702 2157; x_wconf 90' lang='lat' dir='ltr'><strong>Unde</strong></span> <span class='ocrx_word' id='word_1_120' title='bbox 728 2099 982 2174; x_wconf 88' lang='lat' dir='ltr'><strong>pictores</strong></span> <span class='ocrx_word' id='word_1_121' title='bbox 1009 2115 1217 2159; x_wconf 88' lang='lat' dir='ltr'><strong>omnes</strong></span> <span class='ocrx_word' id='word_1_122' title='bbox 1244 2100 1476 2176; x_wconf 85' lang='lat' dir='ltr'><strong>aliquid</strong></span> <span class='ocrx_word' id='word_1_123' title='bbox 1497 2100 1744 2176; x_wconf 81' lang='lat' dir='ltr'><strong>pingere</strong></span> 
     </span>
     <span class='ocr_line' id='line_1_19' title="bbox 0 2179 1744 2268; baseline 0.002 -20"><span class='ocrx_word' id='word_1_124' title='bbox 0 2182 75 2223; x_wconf 56' lang='grc' dir='ltr'><strong>Μ·</strong></span> <span class='ocrx_word' id='word_1_125' title='bbox 110 2179 166 2224; x_wconf 62' lang='lat'><strong>⁶⁸</strong></span> <span class='ocrx_word' id='word_1_126' title='bbox 196 2192 486 2263; x_wconf 86' lang='lat' dir='ltr'><strong>volentes,</strong></span> <span class='ocrx_word' id='word_1_127' title='bbox 516 2192 761 2265; x_wconf 83' lang='lat' dir='ltr'><strong>calcem,</strong></span> <span class='ocrx_word' id='word_1_128' title='bbox 785 2194 883 2251; x_wconf 81' lang='lat' dir='ltr'><strong>vel</strong></span> <span class='ocrx_word' id='word_1_129' title='bbox 907 2193 1138 2268; x_wconf 89' lang='lat' dir='ltr'><strong>aliquid</strong></span> <span class='ocrx_word' id='word_1_130' title='bbox 1166 2194 1370 2252; x_wconf 88' lang='lat' dir='ltr'><strong>album</strong></span> <span class='ocrx_word' id='word_1_131' title='bbox 1391 2211 1499 2268; x_wconf 90' lang='lat' dir='ltr'><strong>pro</strong></span> <span class='ocrx_word' id='word_1_132' title='bbox 1532 2193 1744 2252; x_wconf 81' lang='lat' dir='ltr'><strong>funda-</strong></span> 
     </span>
    </p>
   </div>
   <div class='ocr_carea' id='block_1_4' title="bbox 0 2242 150 2287">
    <p class='ocr_par' dir='ltr' id='par_1_5' title="bbox 0 2242 150 2287">
     <span class='ocr_line' id='line_1_20' title="bbox 0 2242 150 2287; baseline 0.013 -2"><span class='ocrx_word' id='word_1_133' title='bbox 0 2242 150 2287; x_wconf 64' lang='lat' dir='ltr'><strong>iictori·</strong></span> 
     </span>
    </p>
   </div>
   <div class='ocr_carea' id='block_1_5' title="bbox 0 2317 57 2351">
    <p class='ocr_par' dir='ltr' id='par_1_6' title="bbox 0 2317 57 2351">
     <span class='ocr_line' id='line_1_21' title="bbox 0 2317 57 2351; baseline 0 -2"><span class='ocrx_word' id='word_1_134' title='bbox 0 2317 57 2351; x_wconf 72' lang='grc' dir='ltr'><strong>ΠΙ.</strong></span> 
     </span>
    </p>
   </div>
   <div class='ocr_carea' id='block_1_6' title="bbox 15 4184 166 4226">
    <p class='ocr_par' dir='ltr' id='par_1_7' title="bbox 15 4184 166 4226">
     <span class='ocr_line' id='line_1_22' title="bbox 15 4184 166 4226; baseline 0.007 -1"><span class='ocrx_word' id='word_1_135' title='bbox 15 4184 166 4226; x_wconf 75' lang='lat' dir='ltr'><strong>Exem-</strong></span> 
     </span>
    </p>
   </div>
   <div class='ocr_carea' id='block_1_7' title="bbox 0 4244 93 4288">
    <p class='ocr_par' dir='ltr' id='par_1_8' title="bbox 0 4244 93 4288">
     <span class='ocr_line' id='line_1_23' title="bbox 0 4244 93 4288; baseline 0 -1"><span class='ocrx_word' id='word_1_136' title='bbox 0 4244 93 4288; x_wconf 83' lang='lat' dir='ltr'><strong>lum.</strong></span> 
     </span>
    </p>
   </div>
   <div class='ocr_carea' id='block_1_8' title="bbox 188 2287 1751 4338">
    <p class='ocr_par' dir='ltr' id='par_1_9' title="bbox 188 2287 1751 4338">
     <span class='ocr_line' id='line_1_24' title="bbox 193 2287 1743 2363; baseline 0.001 -20"><span class='ocrx_word' id='word_1_137' title='bbox 193 2289 399 2344; x_wconf 84' lang='lat' dir='ltr'><strong>mento</strong></span> <span class='ocrx_word' id='word_1_138' title='bbox 440 2289 803 2362; x_wconf 86' lang='lat' dir='ltr'><strong>supponunt.</strong></span> <span class='ocrx_word' id='word_1_139' title='bbox 847 2287 939 2346; x_wconf 87' lang='lat' dir='ltr'><strong>Sic</strong></span> <span class='ocrx_word' id='word_1_140' title='bbox 985 2292 1043 2344; x_wconf 85' lang='lat' dir='ltr'><strong>et</strong></span> <span class='ocrx_word' id='word_1_141' title='bbox 1088 2287 1258 2361; x_wconf 74' lang='lat' dir='ltr'><strong>virgo</strong></span> <span class='ocrx_word' id='word_1_142' title='bbox 1309 2292 1510 2346; x_wconf 85' lang='lat' dir='ltr'><strong>sancta</strong></span> <span class='ocrx_word' id='word_1_143' title='bbox 1550 2288 1743 2363; x_wconf 92' lang='lat' dir='ltr'><strong>primo</strong></span> 
     </span>
     <span class='ocr_line' id='line_1_25' title="bbox 196 2380 1745 2455; baseline 0.002 -18"><span class='ocrx_word' id='word_1_144' title='bbox 196 2394 261 2437; x_wconf 87' lang='lat' dir='ltr'><strong>se</strong></span> <span class='ocrx_word' id='word_1_145' title='bbox 298 2380 588 2439; x_wconf 86' lang='lat' dir='ltr'><strong>mundam</strong></span> <span class='ocrx_word' id='word_1_146' title='bbox 623 2380 688 2439; x_wconf 89' lang='lat' dir='ltr'><strong>in</strong></span> <span class='ocrx_word' id='word_1_147' title='bbox 729 2380 909 2439; x_wconf 88' lang='lat' dir='ltr'><strong>corde</strong></span> <span class='ocrx_word' id='word_1_148' title='bbox 965 2383 1262 2455; x_wconf 84' lang='lat' dir='ltr'><strong>servavit3</strong></span> <span class='ocrx_word' id='word_1_149' title='bbox 1306 2381 1524 2440; x_wconf 89' lang='lat' dir='ltr'><strong>deinde</strong></span> <span class='ocrx_word' id='word_1_150' title='bbox 1569 2397 1745 2440; x_wconf 84' lang='lat' dir='ltr'><strong>mun·</strong></span> 
     </span>
     <span class='ocr_line' id='line_1_26' title="bbox 197 2473 1743 2534; baseline 0.001 -3"><span class='ocrx_word' id='word_1_151' title='bbox 197 2473 344 2532; x_wconf 89' lang='lat' dir='ltr'><strong>dam</strong></span> <span class='ocrx_word' id='word_1_152' title='bbox 397 2489 460 2531; x_wconf 89' lang='lat' dir='ltr'><strong>se</strong></span> <span class='ocrx_word' id='word_1_153' title='bbox 514 2473 658 2533; x_wconf 78' lang='lat' dir='ltr'><strong>foris</strong></span> <span class='ocrx_word' id='word_1_154' title='bbox 711 2475 1000 2533; x_wconf 84' lang='lat' dir='ltr'><strong>exhibuit.</strong></span> <span class='ocrx_word' id='word_1_155' title='bbox 1066 2475 1224 2534; x_wconf 81' lang='lat' dir='ltr'><strong>Sicut</strong></span> <span class='ocrx_word' id='word_1_156' title='bbox 1277 2476 1435 2534; x_wconf 89' lang='lat' dir='ltr'><strong>enim</strong></span> <span class='ocrx_word' id='word_1_157' title='bbox 1485 2475 1743 2533; x_wconf 88' lang='lat' dir='ltr'><strong>immun-</strong></span> 
     </span>
     <span class='ocr_line' id='line_1_27' title="bbox 196 2566 1743 2642; baseline 0.001 -17"><span class='ocrx_word' id='word_1_158' title='bbox 196 2566 346 2625; x_wconf 85' lang='lat' dir='ltr'><strong>ditia</strong></span> <span class='ocrx_word' id='word_1_159' title='bbox 367 2569 624 2627; x_wconf 81' lang='lat' dir='ltr'><strong>exterior</strong></span> <span class='ocrx_word' id='word_1_160' title='bbox 649 2569 1038 2629; x_wconf 78' lang='lat' dir='ltr'><strong>immunditiae</strong></span> <span class='ocrx_word' id='word_1_161' title='bbox 1075 2569 1372 2629; x_wconf 89' lang='lat' dir='ltr'><strong>interioris</strong></span> <span class='ocrx_word' id='word_1_162' title='bbox 1402 2572 1488 2628; x_wconf 84' lang='lat' dir='ltr'><strong>est</strong></span> <span class='ocrx_word' id='word_1_163' title='bbox 1518 2570 1743 2642; x_wconf 89' lang='lat' dir='ltr'><strong>nuntia,</strong></span> 
     </span>
     <span class='ocr_line' id='line_1_28' title="bbox 194 2659 1750 2723; baseline 0.003 -5"><span class='ocrx_word' id='word_1_164' title='bbox 194 2659 282 2719; x_wconf 90' lang='lat' dir='ltr'><strong>sic</strong></span> <span class='ocrx_word' id='word_1_165' title='bbox 329 2662 586 2719; x_wconf 78' lang='lat' dir='ltr'><strong>exterior</strong></span> <span class='ocrx_word' id='word_1_166' title='bbox 633 2662 927 2723; x_wconf 86' lang='lat' dir='ltr'><strong>munditia</strong></span> <span class='ocrx_word' id='word_1_167' title='bbox 970 2664 1263 2723; x_wconf 89' lang='lat' dir='ltr'><strong>interioris</strong></span> <span class='ocrx_word' id='word_1_168' title='bbox 1305 2663 1613 2722; x_wconf 68' lang='lat' dir='ltr'><strong>munditiae</strong></span> <span class='ocrx_word' id='word_1_169' title='bbox 1661 2668 1750 2722; x_wconf 86' lang='lat' dir='ltr'><strong>est</strong></span> 
     </span>
     <span class='ocr_line' id='line_1_29' title="bbox 195 2753 1741 2825; baseline 0.001 -14"><span class='ocrx_word' id='word_1_170' title='bbox 195 2753 538 2825; x_wconf 86' lang='lat' dir='ltr'><strong>indicativa,</strong></span> <span class='ocrx_word' id='word_1_171' title='bbox 586 2759 643 2813; x_wconf 93' lang='lat' dir='ltr'><strong>et</strong></span> <span class='ocrx_word' id='word_1_172' title='bbox 690 2756 933 2814; x_wconf 85' lang='lat' dir='ltr'><strong>effectus</strong></span> <span class='ocrx_word' id='word_1_173' title='bbox 983 2756 1210 2815; x_wconf 89' lang='lat' dir='ltr'><strong>indicat</strong></span> <span class='ocrx_word' id='word_1_174' title='bbox 1247 2774 1419 2815; x_wconf 90' lang='lat' dir='ltr'><strong>suam</strong></span> <span class='ocrx_word' id='word_1_175' title='bbox 1458 2773 1741 2816; x_wconf 86' lang='lat' dir='ltr'><strong>causam:</strong></span> 
     </span>
     <span class='ocr_line' id='line_1_30' title="bbox 195 2850 1746 2927; baseline 0.001 -19"><span class='ocrx_word' id='word_1_176' title='bbox 195 2851 402 2909; x_wconf 89' lang='lat' dir='ltr'><strong>nullus</strong></span> <span class='ocrx_word' id='word_1_177' title='bbox 455 2850 617 2909; x_wconf 88' lang='lat' dir='ltr'><strong>enim</strong></span> <span class='ocrx_word' id='word_1_178' title='bbox 661 2856 857 2909; x_wconf 83' lang='lat' dir='ltr'><strong>motus</strong></span> <span class='ocrx_word' id='word_1_179' title='bbox 902 2854 990 2909; x_wconf 84' lang='lat' dir='ltr'><strong>est</strong></span> <span class='ocrx_word' id='word_1_180' title='bbox 1026 2851 1090 2909; x_wconf 92' lang='lat' dir='ltr'><strong>in</strong></span> <span class='ocrx_word' id='word_1_181' title='bbox 1142 2852 1385 2910; x_wconf 81' lang='lat' dir='ltr'><strong>homine</strong></span> <span class='ocrx_word' id='word_1_182' title='bbox 1407 2893 1426 2921; x_wconf 91' lang='lat'><strong>,</strong></span> <span class='ocrx_word' id='word_1_183' title='bbox 1473 2852 1577 2927; x_wconf 91' lang='lat' dir='ltr'><strong>qui</strong></span> <span class='ocrx_word' id='word_1_184' title='bbox 1621 2869 1746 2911; x_wconf 89' lang='lat' dir='ltr'><strong>non</strong></span> 
     </span>
     <span class='ocr_line' id='line_1_31' title="bbox 195 2943 1749 3018; baseline 0.001 -15"><span class='ocrx_word' id='word_1_185' title='bbox 195 2947 471 3003; x_wconf 83' lang='lat' dir='ltr'><strong>causetur</strong></span> <span class='ocrx_word' id='word_1_186' title='bbox 489 2961 565 3003; x_wconf 88' lang='lat' dir='ltr'><strong>ex</strong></span> <span class='ocrx_word' id='word_1_187' title='bbox 593 2943 793 3002; x_wconf 88' lang='lat' dir='ltr'><strong>corde.</strong></span> <span class='ocrx_word' id='word_1_188' title='bbox 823 2946 968 3004; x_wconf 90' lang='lat' dir='ltr'><strong>Cum</strong></span> <span class='ocrx_word' id='word_1_189' title='bbox 994 2944 1176 3018; x_wconf 87' lang='lat' dir='ltr'><strong>igitur</strong></span> <span class='ocrx_word' id='word_1_190' title='bbox 1200 2951 1392 3018; x_wconf 79' lang='lat' dir='ltr'><strong>Agnes</strong></span> <span class='ocrx_word' id='word_1_191' title='bbox 1410 2946 1494 3005; x_wconf 76' lang='lat' dir='ltr'><strong>sic</strong></span> <span class='ocrx_word' id='word_1_192' title='bbox 1520 2946 1749 3005; x_wconf 89' lang='lat' dir='ltr'><strong>munda</strong></span> 
     </span>
     <span class='ocr_line' id='line_1_32' title="bbox 196 3036 1749 3114; baseline 0.001 -18"><span class='ocrx_word' id='word_1_193' title='bbox 196 3037 453 3096; x_wconf 83' lang='lat' dir='ltr'><strong>exterius</strong></span> <span class='ocrx_word' id='word_1_194' title='bbox 480 3036 672 3110; x_wconf 81' lang='lat' dir='ltr'><strong>fuerit,</strong></span> <span class='ocrx_word' id='word_1_195' title='bbox 702 3043 768 3096; x_wconf 92' lang='lat' dir='ltr'><strong>ut</strong></span> <span class='ocrx_word' id='word_1_196' title='bbox 786 3054 895 3097; x_wconf 88' lang='lat' dir='ltr'><strong>nec</strong></span> <span class='ocrx_word' id='word_1_197' title='bbox 920 3038 1194 3113; x_wconf 80' lang='lat' dir='ltr'><strong>lupanari</strong></span> <span class='ocrx_word' id='word_1_198' title='bbox 1214 3038 1514 3114; x_wconf 88' lang='lat' dir='ltr'><strong>inquinari</strong></span> <span class='ocrx_word' id='word_1_199' title='bbox 1540 3044 1749 3114; x_wconf 91' lang='lat' dir='ltr'><strong>potue-</strong></span> 
     </span>
     <span class='ocr_line' id='line_1_33' title="bbox 193 3132 1744 3208; baseline 0.002 -18"><span class='ocrx_word' id='word_1_200' title='bbox 193 3132 304 3203; x_wconf 87' lang='lat' dir='ltr'><strong>rit,</strong></span> <span class='ocrx_word' id='word_1_201' title='bbox 335 3132 503 3206; x_wconf 90' lang='lat' dir='ltr'><strong>quod</strong></span> <span class='ocrx_word' id='word_1_202' title='bbox 527 3148 732 3191; x_wconf 83' lang='lat' dir='ltr'><strong>veram</strong></span> <span class='ocrx_word' id='word_1_203' title='bbox 757 3132 1032 3192; x_wconf 88' lang='lat' dir='ltr'><strong>habuerit</strong></span> <span class='ocrx_word' id='word_1_204' title='bbox 1066 3133 1422 3192; x_wconf 88' lang='lat' dir='ltr'><strong>munditiam</strong></span> <span class='ocrx_word' id='word_1_205' title='bbox 1452 3134 1513 3192; x_wconf 88' lang='lat' dir='ltr'><strong>in</strong></span> <span class='ocrx_word' id='word_1_206' title='bbox 1543 3135 1744 3208; x_wconf 90' lang='lat' dir='ltr'><strong>corde,</strong></span> 
     </span>
     <span class='ocr_line' id='line_1_34' title="bbox 192 3226 1747 3303; baseline 0.001 -19"><span class='ocrx_word' id='word_1_207' title='bbox 192 3242 410 3284; x_wconf 85' lang='lat' dir='ltr'><strong>verum</strong></span> <span class='ocrx_word' id='word_1_208' title='bbox 436 3232 852 3300; x_wconf 85' lang='lat' dir='ltr'><strong>argumentum</strong></span> <span class='ocrx_word' id='word_1_209' title='bbox 869 3226 1073 3287; x_wconf 86' lang='lat' dir='ltr'><strong>extitit.</strong></span> <span class='ocrx_word' id='word_1_210' title='bbox 1099 3232 1231 3303; x_wconf 80' lang='lat' dir='ltr'><strong>Ipsa</strong></span> <span class='ocrx_word' id='word_1_211' title='bbox 1253 3228 1412 3287; x_wconf 90' lang='lat' dir='ltr'><strong>enim</strong></span> <span class='ocrx_word' id='word_1_212' title='bbox 1435 3228 1659 3287; x_wconf 88' lang='lat' dir='ltr'><strong>sciebat</strong></span> <span class='ocrx_word' id='word_1_213' title='bbox 1685 3229 1747 3286; x_wconf 90' lang='lat' dir='ltr'><strong>in</strong></span> 
     </span>
     <span class='ocr_line' id='line_1_35' title="bbox 193 3320 1748 3395; baseline 0.001 -16"><span class='ocrx_word' id='word_1_214' title='bbox 193 3320 599 3379; x_wconf 80' lang='lat' dir='ltr'><strong>Ecclesiastico</strong></span> <span class='ocrx_word' id='word_1_215' title='bbox 638 3335 764 3379; x_wconf 86' lang='lat' dir='ltr'><strong>esse</strong></span> <span class='ocrx_word' id='word_1_216' title='bbox 813 3321 1096 3395; x_wconf 87' lang='lat' dir='ltr'><strong>scriptum</strong></span> <span class='ocrx_word' id='word_1_217' title='bbox 1133 3321 1200 3379; x_wconf 74' lang='grc' dir='ltr'>ἐ</span> <span class='ocrx_word' id='word_1_218' title='bbox 1235 3321 1390 3393; x_wconf 73' lang='lat' dir='ltr'><strong>«Qui</strong></span> <span class='ocrx_word' id='word_1_219' title='bbox 1433 3323 1748 3381; x_wconf 90' lang='lat' dir='ltr'><strong>Dominum</strong></span> 
     </span>
     <span class='ocr_line' id='line_1_36' title="bbox 195 3415 1748 3491; baseline 0.001 -17"><span class='ocrx_word' id='word_1_220' title='bbox 195 3416 429 3486; x_wconf 87' lang='lat' dir='ltr'><strong>timent,</strong></span> <span class='ocrx_word' id='word_1_221' title='bbox 455 3416 881 3490; x_wconf 79' lang='lat' dir='ltr'><strong>praeparabunt</strong></span> <span class='ocrx_word' id='word_1_222' title='bbox 902 3415 1087 3474; x_wconf 88' lang='lat' dir='ltr'><strong>corda</strong></span> <span class='ocrx_word' id='word_1_223' title='bbox 1115 3431 1246 3489; x_wconf 88' lang='lat' dir='ltr'><strong>sua,</strong></span> <span class='ocrx_word' id='word_1_224' title='bbox 1269 3415 1413 3474; x_wconf 88' lang='lat' dir='ltr'><strong>etin</strong></span> <span class='ocrx_word' id='word_1_225' title='bbox 1431 3422 1748 3491; x_wconf 85' lang='lat' dir='ltr'><strong>conspectu</strong></span> 
     </span>
     <span class='ocr_line' id='line_1_37' title="bbox 192 3508 1751 3583; baseline 0.001 -16"><span class='ocrx_word' id='word_1_226' title='bbox 192 3509 358 3567; x_wconf 88' lang='lat' dir='ltr'><strong>illius</strong></span> <span class='ocrx_word' id='word_1_227' title='bbox 383 3508 836 3567; x_wconf 83' lang='lat' dir='ltr'><strong>sanctificabunt</strong></span> <span class='ocrx_word' id='word_1_228' title='bbox 852 3508 1083 3567; x_wconf 87' lang='lat' dir='ltr'><strong>animas</strong></span> <span class='ocrx_word' id='word_1_229' title='bbox 1109 3525 1267 3566; x_wconf 81' lang='lat' dir='ltr'><strong>suas,</strong></span> <span class='ocrx_word' id='word_1_230' title='bbox 1290 3528 1320 3563; x_wconf 68' lang='lat' dir='ltr'>n</span> <span class='ocrx_word' id='word_1_231' title='bbox 1342 3511 1751 3583; x_wconf 80' lang='lat' dir='ltr'><strong>Praeparantur</strong></span> 
     </span>
     <span class='ocr_line' id='line_1_38' title="bbox 194 3601 1750 3677; baseline 0 -16"><span class='ocrx_word' id='word_1_232' title='bbox 194 3602 386 3661; x_wconf 86' lang='lat' dir='ltr'><strong>corda</strong></span> <span class='ocrx_word' id='word_1_233' title='bbox 412 3617 522 3675; x_wconf 88' lang='lat' dir='ltr'><strong>per</strong></span> <span class='ocrx_word' id='word_1_234' title='bbox 537 3601 913 3673; x_wconf 89' lang='lat' dir='ltr'><strong>munditiam,</strong></span> <span class='ocrx_word' id='word_1_235' title='bbox 934 3605 992 3661; x_wconf 90' lang='lat' dir='ltr'><strong>et</strong></span> <span class='ocrx_word' id='word_1_236' title='bbox 1009 3618 1117 3677; x_wconf 89' lang='lat' dir='ltr'><strong>per</strong></span> <span class='ocrx_word' id='word_1_237' title='bbox 1135 3602 1571 3662; x_wconf 84' lang='lat' dir='ltr'><strong>invocationem</strong></span> <span class='ocrx_word' id='word_1_238' title='bbox 1601 3604 1750 3662; x_wconf 83' lang='lat' dir='ltr'><strong>divi-</strong></span> 
     </span>
     <span class='ocr_line' id='line_1_39' title="bbox 194 3695 1745 3769; baseline 0.002 -16"><span class='ocrx_word' id='word_1_239' title='bbox 194 3711 371 3768; x_wconf 88' lang='lat' dir='ltr'><strong>nam,</strong></span> <span class='ocrx_word' id='word_1_240' title='bbox 410 3696 556 3769; x_wconf 88' lang='lat' dir='ltr'><strong>quia</strong></span> <span class='ocrx_word' id='word_1_241' title='bbox 593 3695 846 3755; x_wconf 86' lang='lat' dir='ltr'><strong>libenter</strong></span> <span class='ocrx_word' id='word_1_242' title='bbox 896 3698 1057 3754; x_wconf 79' lang='lat' dir='ltr'><strong>venit</strong></span> <span class='ocrx_word' id='word_1_243' title='bbox 1105 3698 1387 3755; x_wconf 88' lang='lat' dir='ltr'><strong>Dominus</strong></span> <span class='ocrx_word' id='word_1_244' title='bbox 1424 3697 1501 3754; x_wconf 91' lang='lat' dir='ltr'><strong>ad</strong></span> <span class='ocrx_word' id='word_1_245' title='bbox 1544 3696 1745 3756; x_wconf 90' lang='lat' dir='ltr'><strong>locum</strong></span> 
     </span>
     <span class='ocr_line' id='line_1_40' title="bbox 192 3790 1747 3863; baseline 0.002 -14"><span class='ocrx_word' id='word_1_246' title='bbox 192 3790 514 3863; x_wconf 85' lang='lat' dir='ltr'><strong>mundum,</strong></span> <span class='ocrx_word' id='word_1_247' title='bbox 567 3790 618 3847; x_wconf 88' lang='lat' dir='ltr'><strong>si</strong></span> <span class='ocrx_word' id='word_1_248' title='bbox 663 3790 840 3849; x_wconf 76' lang='lat' dir='ltr'><strong>fuerit</strong></span> <span class='ocrx_word' id='word_1_249' title='bbox 893 3795 1137 3849; x_wconf 83' lang='lat' dir='ltr'><strong>vocatus</strong></span> <span class='ocrx_word' id='word_1_250' title='bbox 1179 3792 1203 3829; x_wconf 77' lang='lat'>⁸</span> <span class='ocrx_word' id='word_1_251' title='bbox 1253 3808 1269 3850; x_wconf 74' lang='grc' dir='ltr'><strong><em>ε</em></strong></span> <span class='ocrx_word' id='word_1_252' title='bbox 1312 3812 1343 3847; x_wconf 74' lang='grc' dir='ltr'><strong>α</strong></span> <span class='ocrx_word' id='word_1_253' title='bbox 1383 3793 1747 3852; x_wconf 89' lang='lat' dir='ltr'><strong>Desiderium</strong></span> 
     </span>
     <span class='ocr_line' id='line_1_41' title="bbox 188 3884 1746 3961; baseline 0.002 -17"><span class='ocrx_word' id='word_1_254' title='bbox 188 3901 532 3960; x_wconf 87' lang='lat' dir='ltr'><strong>pauperum</strong></span> <span class='ocrx_word' id='word_1_255' title='bbox 553 3884 859 3943; x_wconf 83' lang='lat' dir='ltr'><strong>exaudivit</strong></span> <span class='ocrx_word' id='word_1_256' title='bbox 893 3884 1178 3943; x_wconf 86' lang='lat' dir='ltr'><strong>Dominus</strong></span> <span class='ocrx_word' id='word_1_257' title='bbox 1198 3927 1218 3957; x_wconf 91' lang='lat'><strong>,</strong></span> <span class='ocrx_word' id='word_1_258' title='bbox 1249 3887 1746 3961; x_wconf 60' lang='lat' dir='ltr'><strong>praeparationem</strong></span> 
     </span>
     <span class='ocr_line' id='line_1_42' title="bbox 192 3977 1747 4041; baseline 0.002 -3"><span class='ocrx_word' id='word_1_259' title='bbox 192 3978 399 4039; x_wconf 86' lang='lat' dir='ltr'><strong>cordis</strong></span> <span class='ocrx_word' id='word_1_260' title='bbox 453 3993 663 4037; x_wconf 87' lang='lat' dir='ltr'><strong>eorum</strong></span> <span class='ocrx_word' id='word_1_261' title='bbox 707 3977 939 4037; x_wconf 82' lang='lat' dir='ltr'><strong>audivit</strong></span> <span class='ocrx_word' id='word_1_262' title='bbox 985 3979 1145 4037; x_wconf 89' lang='lat' dir='ltr'><strong>auris</strong></span> <span class='ocrx_word' id='word_1_263' title='bbox 1193 3983 1315 4038; x_wconf 90' lang='lat' dir='ltr'><strong>tua.</strong></span> <span class='ocrx_word' id='word_1_264' title='bbox 1373 4001 1401 4036; x_wconf 72' lang='lat' dir='ltr'>n</span> <span class='ocrx_word' id='word_1_265' title='bbox 1464 3981 1747 4041; x_wconf 88' lang='lat' dir='ltr'><strong>Citissime</strong></span> 
     </span>
     <span class='ocr_line' id='line_1_43' title="bbox 191 4071 1747 4150; baseline 0.001 -18"><span class='ocrx_word' id='word_1_266' title='bbox 191 4072 370 4132; x_wconf 87' lang='lat' dir='ltr'><strong>audit</strong></span> <span class='ocrx_word' id='word_1_267' title='bbox 397 4071 679 4131; x_wconf 87' lang='lat' dir='ltr'><strong>Dominus</strong></span> <span class='ocrx_word' id='word_1_268' title='bbox 718 4072 977 4131; x_wconf 89' lang='lat' dir='ltr'><strong>mundos</strong></span> <span class='ocrx_word' id='word_1_269' title='bbox 1004 4072 1216 4146; x_wconf 88' lang='lat' dir='ltr'><strong>corde,</strong></span> <span class='ocrx_word' id='word_1_270' title='bbox 1252 4077 1310 4132; x_wconf 91' lang='lat' dir='ltr'><strong>et</strong></span> <span class='ocrx_word' id='word_1_271' title='bbox 1336 4090 1543 4141; x_wconf 86' lang='lat' dir='ltr'><strong>omne.</strong></span> <span class='ocrx_word' id='word_1_272' title='bbox 1577 4076 1747 4150; x_wconf 91' lang='lat' dir='ltr'><strong>quod</strong></span> 
     </span>
     <span class='ocr_line' id='line_1_44' title="bbox 190 4164 1743 4243; baseline 0.003 -19"><span class='ocrx_word' id='word_1_273' title='bbox 190 4165 525 4243; x_wconf 87' lang='lat' dir='ltr'><strong>postulant,</strong></span> <span class='ocrx_word' id='word_1_274' title='bbox 581 4164 775 4224; x_wconf 86' lang='lat' dir='ltr'><strong>libens</strong></span> <span class='ocrx_word' id='word_1_275' title='bbox 830 4165 1033 4225; x_wconf 89' lang='lat' dir='ltr'><strong>donat.</strong></span> <span class='ocrx_word' id='word_1_276' title='bbox 1093 4167 1255 4226; x_wconf 89' lang='lat' dir='ltr'><strong>Unde</strong></span> <span class='ocrx_word' id='word_1_277' title='bbox 1317 4171 1558 4227; x_wconf 88' lang='lat' dir='ltr'><strong>testatur</strong></span> <span class='ocrx_word' id='word_1_278' title='bbox 1611 4170 1743 4229; x_wconf 81' lang='lat' dir='ltr'><strong>Hie-</strong></span> 
     </span>
     <span class='ocr_line' id='line_1_45' title="bbox 191 4257 1747 4338; baseline 0.001 -18"><span class='ocrx_word' id='word_1_279' title='bbox 191 4276 490 4335; x_wconf 82' lang='lat' dir='ltr'><strong>ronymus</strong></span> <span class='ocrx_word' id='word_1_280' title='bbox 516 4257 538 4293; x_wconf 74' lang='lat'>⁸</span> <span class='ocrx_word' id='word_1_281' title='bbox 556 4300 578 4330; x_wconf 90' lang='lat'><strong>,</strong></span> <span class='ocrx_word' id='word_1_282' title='bbox 621 4259 911 4334; x_wconf 86' lang='lat' dir='ltr'><strong>Sibyllam</strong></span> <span class='ocrx_word' id='word_1_283' title='bbox 955 4276 993 4318; x_wconf 91' lang='lat' dir='ltr'><strong>a</strong></span> <span class='ocrx_word' id='word_1_284' title='bbox 1038 4263 1153 4319; x_wconf 89' lang='lat' dir='ltr'><strong>Deo</strong></span> <span class='ocrx_word' id='word_1_285' title='bbox 1207 4261 1435 4320; x_wconf 90' lang='lat' dir='ltr'><strong>donum</strong></span> <span class='ocrx_word' id='word_1_286' title='bbox 1489 4265 1747 4338; x_wconf 86' lang='lat' dir='ltr'><strong>prophe-</strong></span> 
     </span>
    </p>
   </div>
   <div class='ocr_carea' id='block_1_9' title="bbox 177 4353 1747 4430">
    <p class='ocr_par' dir='ltr' id='par_1_10' title="bbox 177 4353 1747 4430">
     <span class='ocr_line' id='line_1_46' title="bbox 177 4353 1747 4430; baseline 0.003 -18"><span class='ocrx_word' id='word_1_287' title='bbox 177 4355 290 4413; x_wconf 75' lang='lat' dir='ltr'><strong>-tiae</strong></span> <span class='ocrx_word' id='word_1_288' title='bbox 337 4354 632 4428; x_wconf 79' lang='lat' dir='ltr'><strong>accepisse</strong></span> <span class='ocrx_word' id='word_1_289' title='bbox 689 4353 901 4412; x_wconf 88' lang='lat' dir='ltr'><strong>merito</strong></span> <span class='ocrx_word' id='word_1_290' title='bbox 951 4354 1257 4427; x_wconf 80' lang='lat' dir='ltr'><strong>virginalis</strong></span> <span class='ocrx_word' id='word_1_291' title='bbox 1297 4356 1631 4430; x_wconf 61' lang='lat' dir='ltr'><strong>munditiem</strong></span> <span class='ocrx_word' id='word_1_292' title='bbox 1689 4363 1747 4417; x_wconf 91' lang='lat' dir='ltr'><strong>et</strong></span> 
     </span>
    </p>
   </div>
   <div class='ocr_carea' id='block_1_10' title="bbox 189 4446 1747 5084">
    <p class='ocr_par' dir='ltr' id='par_1_11' title="bbox 189 4446 1747 5084">
     <span class='ocr_line' id='line_1_47' title="bbox 191 4446 1744 4525; baseline 0.001 -18"><span class='ocrx_word' id='word_1_293' title='bbox 191 4451 402 4507; x_wconf 88' lang='lat' dir='ltr'><strong>narrat</strong></span> <span class='ocrx_word' id='word_1_294' title='bbox 445 4446 522 4505; x_wconf 90' lang='lat' dir='ltr'><strong>de</strong></span> <span class='ocrx_word' id='word_1_295' title='bbox 576 4446 840 4522; x_wconf 86' lang='lat' dir='ltr'><strong>quadam</strong></span> <span class='ocrx_word' id='word_1_296' title='bbox 891 4447 1097 4521; x_wconf 88' lang='lat' dir='ltr'><strong>regina</strong></span> <span class='ocrx_word' id='word_1_297' title='bbox 1162 4450 1408 4507; x_wconf 86' lang='lat' dir='ltr'><strong>Orientis</strong></span> <span class='ocrx_word' id='word_1_298' title='bbox 1434 4450 1457 4485; x_wconf 81' lang='lat'>⁸</span> <span class='ocrx_word' id='word_1_299' title='bbox 1487 4493 1507 4522; x_wconf 89' lang='lat'>‚</span> <span class='ocrx_word' id='word_1_300' title='bbox 1561 4467 1744 4525; x_wconf 90' lang='lat' dir='ltr'><strong>quam</strong></span> 
     </span>
     <span class='ocr_line' id='line_1_48' title="bbox 189 4541 1747 4615; baseline 0.001 -12"><span class='ocrx_word' id='word_1_301' title='bbox 189 4558 355 4615; x_wconf 80' lang='lat' dir='ltr'><strong>soepe</strong></span> <span class='ocrx_word' id='word_1_302' title='bbox 394 4544 696 4600; x_wconf 83' lang='lat' dir='ltr'><strong>Romanos</strong></span> <span class='ocrx_word' id='word_1_303' title='bbox 739 4541 1067 4601; x_wconf 84' lang='lat' dir='ltr'><strong>debellasse</strong></span> <span class='ocrx_word' id='word_1_304' title='bbox 1117 4542 1257 4601; x_wconf 89' lang='lat' dir='ltr'><strong>dicit</strong></span> <span class='ocrx_word' id='word_1_305' title='bbox 1305 4544 1515 4602; x_wconf 80' lang='lat' dir='ltr'><strong>merito</strong></span> <span class='ocrx_word' id='word_1_306' title='bbox 1575 4545 1747 4605; x_wconf 91' lang='lat' dir='ltr'><strong>casti-</strong></span> 
     </span>
     <span class='ocr_line' id='line_1_49' title="bbox 194 4635 1744 4711; baseline 0 -14"><span class='ocrx_word' id='word_1_307' title='bbox 194 4637 353 4697; x_wconf 85' lang='lat' dir='ltr'><strong>tatis.</strong></span> <span class='ocrx_word' id='word_1_308' title='bbox 392 4635 670 4694; x_wconf 85' lang='lat' dir='ltr'><strong>Videmus</strong></span> <span class='ocrx_word' id='word_1_309' title='bbox 719 4650 861 4709; x_wconf 85' lang='lat' dir='ltr'><strong>apes</strong></span> <span class='ocrx_word' id='word_1_310' title='bbox 902 4650 1102 4695; x_wconf 88' lang='lat' dir='ltr'><strong>amare</strong></span> <span class='ocrx_word' id='word_1_311' title='bbox 1147 4636 1522 4711; x_wconf 86' lang='lat' dir='ltr'><strong>munditiam,</strong></span> <span class='ocrx_word' id='word_1_312' title='bbox 1565 4643 1624 4697; x_wconf 90' lang='lat' dir='ltr'><strong>et</strong></span> <span class='ocrx_word' id='word_1_313' title='bbox 1668 4639 1744 4697; x_wconf 92' lang='lat' dir='ltr'><strong>de</strong></span> 
     </span>
     <span class='ocr_line' id='line_1_50' title="bbox 194 4728 1745 4803; baseline 0.001 -14"><span class='ocrx_word' id='word_1_314' title='bbox 194 4731 324 4789; x_wconf 81' lang='lat' dir='ltr'><strong>suis</strong></span> <span class='ocrx_word' id='word_1_315' title='bbox 349 4728 732 4788; x_wconf 85' lang='lat' dir='ltr'><strong>domunculis</strong></span> <span class='ocrx_word' id='word_1_316' title='bbox 766 4728 968 4787; x_wconf 91' lang='lat' dir='ltr'><strong>omnia</strong></span> <span class='ocrx_word' id='word_1_317' title='bbox 994 4729 1282 4803; x_wconf 88' lang='lat' dir='ltr'><strong>projicere</strong></span> <span class='ocrx_word' id='word_1_318' title='bbox 1309 4730 1513 4790; x_wconf 82' lang='lat' dir='ltr'><strong>foetida</strong></span> <span class='ocrx_word' id='word_1_319' title='bbox 1549 4735 1607 4792; x_wconf 91' lang='lat' dir='ltr'><strong>et</strong></span> <span class='ocrx_word' id='word_1_320' title='bbox 1632 4733 1745 4790; x_wconf 89' lang='lat' dir='ltr'><strong>im-</strong></span> 
     </span>
     <span class='ocr_line' id='line_1_51' title="bbox 192 4823 1744 4897; baseline 0.001 -13"><span class='ocrx_word' id='word_1_321' title='bbox 192 4823 462 4895; x_wconf 82' lang='lat' dir='ltr'><strong>munda3</strong></span> <span class='ocrx_word' id='word_1_322' title='bbox 492 4823 617 4882; x_wconf 90' lang='lat' dir='ltr'><strong>imo</strong></span> <span class='ocrx_word' id='word_1_323' title='bbox 651 4823 929 4897; x_wconf 79' lang='lat' dir='ltr'><strong>quoedam</strong></span> <span class='ocrx_word' id='word_1_324' title='bbox 954 4839 1031 4882; x_wconf 90' lang='lat' dir='ltr'><strong>ex</strong></span> <span class='ocrx_word' id='word_1_325' title='bbox 1058 4824 1143 4881; x_wconf 88' lang='lat' dir='ltr'><strong>eis</strong></span> <span class='ocrx_word' id='word_1_326' title='bbox 1170 4825 1249 4882; x_wconf 88' lang='lat' dir='ltr'><strong>ad</strong></span> <span class='ocrx_word' id='word_1_327' title='bbox 1274 4826 1391 4883; x_wconf 87' lang='lat' dir='ltr'><strong>hoc</strong></span> <span class='ocrx_word' id='word_1_328' title='bbox 1419 4831 1555 4885; x_wconf 88' lang='lat' dir='ltr'><strong>sunt</strong></span> <span class='ocrx_word' id='word_1_329' title='bbox 1580 4827 1744 4886; x_wconf 91' lang='lat' dir='ltr'><strong>ordi-</strong></span> 
     </span>
     <span class='ocr_line' id='line_1_52' title="bbox 196 4915 1746 4991; baseline 0.001 -14"><span class='ocrx_word' id='word_1_330' title='bbox 196 4921 391 4988; x_wconf 77' lang='lat' dir='ltr'><strong>natoe,</strong></span> <span class='ocrx_word' id='word_1_331' title='bbox 425 4932 681 4991; x_wconf 88' lang='lat' dir='ltr'><strong>quarum</strong></span> <span class='ocrx_word' id='word_1_332' title='bbox 718 4915 983 4975; x_wconf 82' lang='lat' dir='ltr'><strong>officium</strong></span> <span class='ocrx_word' id='word_1_333' title='bbox 1026 4920 1113 4975; x_wconf 89' lang='lat' dir='ltr'><strong>est</strong></span> <span class='ocrx_word' id='word_1_334' title='bbox 1147 4917 1543 4977; x_wconf 87' lang='lat' dir='ltr'><strong>domunculas</strong></span> <span class='ocrx_word' id='word_1_335' title='bbox 1571 4937 1746 4978; x_wconf 89' lang='lat' dir='ltr'><strong>mun-</strong></span> 
     </span>
     <span class='ocr_line' id='line_1_53' title="bbox 197 5010 1745 5084; baseline 0.001 -14"><span class='ocrx_word' id='word_1_336' title='bbox 197 5012 311 5070; x_wconf 87' lang='lat' dir='ltr'><strong>das</strong></span> <span class='ocrx_word' id='word_1_337' title='bbox 337 5026 594 5069; x_wconf 86' lang='lat' dir='ltr'><strong>servare.</strong></span> <span class='ocrx_word' id='word_1_338' title='bbox 632 5013 823 5084; x_wconf 88' lang='lat' dir='ltr'><strong>Turpe</strong></span> <span class='ocrx_word' id='word_1_339' title='bbox 858 5015 946 5068; x_wconf 84' lang='lat' dir='ltr'><strong>est</strong></span> <span class='ocrx_word' id='word_1_340' title='bbox 974 5010 1133 5069; x_wconf 89' lang='lat' dir='ltr'><strong>enim</strong></span> <span class='ocrx_word' id='word_1_341' title='bbox 1174 5017 1236 5070; x_wconf 88' lang='lat' dir='ltr'><strong>ut</strong></span> <span class='ocrx_word' id='word_1_342' title='bbox 1272 5012 1457 5071; x_wconf 89' lang='lat' dir='ltr'><strong>homo</strong></span> <span class='ocrx_word' id='word_1_343' title='bbox 1484 5013 1745 5072; x_wconf 91' lang='lat' dir='ltr'><strong>immun-</strong></span> 
     </span>
    </p>
   </div>
   <div class='ocr_carea' id='block_1_11' title="bbox 197 5179 1748 5463">
    <p class='ocr_par' dir='ltr' id='par_1_12' title="bbox 197 5179 1748 5463">
     <span class='ocr_line' id='line_1_54' title="bbox 267 5179 1747 5248; baseline 0.004 -18"><span class='ocrx_word' id='word_1_344' title='bbox 267 5185 279 5216; x_wconf 78' lang='lat'>⁸</span> <span class='ocrx_word' id='word_1_345' title='bbox 322 5181 496 5243; x_wconf 57' lang='lat' dir='ltr'><strong>Arist„</strong></span> <span class='ocrx_word' id='word_1_346' title='bbox 526 5180 586 5229; x_wconf 82' lang='lat' dir='ltr'><strong>de</strong></span> <span class='ocrx_word' id='word_1_347' title='bbox 608 5184 746 5243; x_wconf 81' lang='lat' dir='ltr'><strong>part.</strong></span> <span class='ocrx_word' id='word_1_348' title='bbox 784 5179 1033 5244; x_wconf 63' lang='lat' dir='ltr'><strong>Animal„</strong></span> <span class='ocrx_word' id='word_1_349' title='bbox 1069 5181 1158 5233; x_wconf 87' lang='lat' dir='ltr'><strong>lib.</strong></span> <span class='ocrx_word' id='word_1_350' title='bbox 1200 5185 1297 5248; x_wconf 83' lang='grc' dir='ltr'><strong>ΙΙΙ,</strong></span> <span class='ocrx_word' id='word_1_351' title='bbox 1328 5198 1374 5235; x_wconf 85' lang='lat' dir='ltr'><strong>c.</strong></span> <span class='ocrx_word' id='word_1_352' title='bbox 1411 5197 1472 5236; x_wconf 76' lang='grc' dir='ltr'>ω</span> <span class='ocrx_word' id='word_1_353' title='bbox 1508 5190 1560 5237; x_wconf 91' lang='lat' dir='ltr'><strong>et</strong></span> <span class='ocrx_word' id='word_1_354' title='bbox 1587 5199 1659 5237; x_wconf 76' lang='lat' dir='ltr'><strong>tv.</strong></span> <span class='ocrx_word' id='word_1_355' title='bbox 1684 5214 1747 5229; x_wconf 91' lang='lat'>—</span> 
     </span>
     <span class='ocr_line' id='line_1_55' title="bbox 197 5249 1745 5320; baseline 0.005 -17"><span class='ocrx_word' id='word_1_356' title='bbox 197 5254 217 5285; x_wconf 82' lang='lat'>²</span> <span class='ocrx_word' id='word_1_357' title='bbox 249 5252 432 5315; x_wconf 65' lang='lat' dir='ltr'><strong>Eccli„</strong></span> <span class='ocrx_word' id='word_1_358' title='bbox 467 5264 536 5315; x_wconf 81' lang='grc' dir='ltr'><strong>ιι,</strong></span> <span class='ocrx_word' id='word_1_359' title='bbox 572 5255 652 5304; x_wconf 80' lang='grc'><strong>20.</strong></span> <span class='ocrx_word' id='word_1_360' title='bbox 683 5279 746 5291; x_wconf 90' lang='grc'>-</span> <span class='ocrx_word' id='word_1_361' title='bbox 778 5250 802 5287; x_wconf 79' lang='lat'>⁸</span> <span class='ocrx_word' id='word_1_362' title='bbox 829 5249 967 5303; x_wconf 74' lang='lat' dir='ltr'><strong>Psal.</strong></span> <span class='ocrx_word' id='word_1_363' title='bbox 1005 5266 1069 5317; x_wconf 89' lang='lat' dir='ltr'><strong>x,</strong></span> <span class='ocrx_word' id='word_1_364' title='bbox 1097 5255 1178 5304; x_wconf 77' lang='lat'><strong>17.</strong></span> <span class='ocrx_word' id='word_1_365' title='bbox 1212 5281 1275 5293; x_wconf 92' lang='lat'>—</span> <span class='ocrx_word' id='word_1_366' title='bbox 1307 5255 1330 5291; x_wconf 71' lang='lat'>⁸</span> <span class='ocrx_word' id='word_1_367' title='bbox 1361 5256 1595 5320; x_wconf 70' lang='lat' dir='ltr'><strong>Hieron„</strong></span> <span class='ocrx_word' id='word_1_368' title='bbox 1629 5259 1745 5311; x_wconf 83' lang='lat' dir='ltr'><strong>adv.</strong></span> 
     </span>
     <span class='ocr_line' id='line_1_56' title="bbox 197 5321 1748 5394; baseline 0.004 -21"><span class='ocrx_word' id='word_1_369' title='bbox 197 5324 475 5385; x_wconf 66' lang='lat' dir='ltr'><strong>Jovinian„</strong></span> <span class='ocrx_word' id='word_1_370' title='bbox 509 5322 602 5373; x_wconf 88' lang='lat' dir='ltr'><strong>lib.</strong></span> <span class='ocrx_word' id='word_1_371' title='bbox 641 5324 656 5372; x_wconf 88' lang='grc' dir='ltr'>Ι</span> <span class='ocrx_word' id='word_1_372' title='bbox 673 5360 688 5385; x_wconf 86' lang='grc'><strong>,</strong></span> <span class='ocrx_word' id='word_1_373' title='bbox 725 5321 824 5373; x_wconf 90' lang='lat' dir='ltr'><strong>col.</strong></span> <span class='ocrx_word' id='word_1_374' title='bbox 853 5335 927 5373; x_wconf 89' lang='lat' dir='ltr'><strong>m.</strong></span> <span class='ocrx_word' id='word_1_375' title='bbox 967 5325 1046 5375; x_wconf 76' lang='lat'><strong>67.</strong></span> <span class='ocrx_word' id='word_1_376' title='bbox 1085 5350 1145 5361; x_wconf 94' lang='lat'>—</span> <span class='ocrx_word' id='word_1_377' title='bbox 1169 5327 1192 5361; x_wconf 83' lang='lat'>⁸</span> <span class='ocrx_word' id='word_1_378' title='bbox 1221 5325 1428 5377; x_wconf 81' lang='lat' dir='ltr'><strong>Scilicet</strong></span> <span class='ocrx_word' id='word_1_379' title='bbox 1450 5328 1609 5379; x_wconf 78' lang='lat' dir='ltr'><strong>Teuta</strong></span> <span class='ocrx_word' id='word_1_380' title='bbox 1639 5328 1748 5394; x_wconf 77' lang='lat' dir='ltr'><strong>llly-</strong></span> 
     </span>
     <span class='ocr_line' id='line_1_57' title="bbox 201 5394 1746 5463; baseline 0.004 -18"><span class='ocrx_word' id='word_1_381' title='bbox 201 5395 430 5451; x_wconf 81' lang='lat' dir='ltr'><strong>ricorum</strong></span> <span class='ocrx_word' id='word_1_382' title='bbox 459 5394 654 5459; x_wconf 81' lang='lat' dir='ltr'><strong>regina.</strong></span> <span class='ocrx_word' id='word_1_383' title='bbox 686 5419 749 5435; x_wconf 83' lang='lat'><strong>—·</strong></span> <span class='ocrx_word' id='word_1_384' title='bbox 777 5398 796 5424; x_wconf 73' lang='lat'><strong>⁶</strong></span> <span class='ocrx_word' id='word_1_385' title='bbox 827 5395 996 5459; x_wconf 73' lang='lat' dir='ltr'><strong>va„</strong></span> <span class='ocrx_word' id='word_1_386' title='bbox 1035 5407 1132 5458; x_wconf 75' lang='lat' dir='ltr'><strong>xx,</strong></span> <span class='ocrx_word' id='word_1_387' title='bbox 1163 5399 1210 5448; x_wconf 83' lang='lat'><strong>9.</strong></span> <span class='ocrx_word' id='word_1_388' title='bbox 1246 5423 1307 5437; x_wconf 88' lang='lat'><em>-</em></span> <span class='ocrx_word' id='word_1_389' title='bbox 1337 5399 1354 5428; x_wconf 86' lang='lat'>⁷</span> <span class='ocrx_word' id='word_1_390' title='bbox 1389 5399 1547 5461; x_wconf 70' lang='lat' dir='ltr'><strong>Rom„</strong></span> <span class='ocrx_word' id='word_1_391' title='bbox 1579 5412 1667 5463; x_wconf 75' lang='lat' dir='ltr'><strong>nn,</strong></span> <span class='ocrx_word' id='word_1_392' title='bbox 1696 5404 1746 5453; x_wconf 79' lang='grc'><strong>9.</strong></span> 
     </span>
    </p>
   </div>
   <div class='ocr_carea' id='block_1_12' title="bbox 1838 596 3406 3301">
    <p class='ocr_par' dir='ltr' id='par_1_13' title="bbox 1838 596 3394 1621">
     <span class='ocr_line' id='line_1_58' title="bbox 1842 596 3386 673; baseline 0.001 -17"><span class='ocrx_word' id='word_1_393' title='bbox 1842 597 2050 658; x_wconf 87' lang='lat' dir='ltr'><strong>ditiam</strong></span> <span class='ocrx_word' id='word_1_394' title='bbox 2094 600 2283 670; x_wconf 88' lang='lat' dir='ltr'><strong>amet,</strong></span> <span class='ocrx_word' id='word_1_395' title='bbox 2332 612 2517 673; x_wconf 91' lang='lat' dir='ltr'><strong>quam</strong></span> <span class='ocrx_word' id='word_1_396' title='bbox 2561 596 2799 671; x_wconf 89' lang='lat' dir='ltr'><strong>apicula</strong></span> <span class='ocrx_word' id='word_1_397' title='bbox 2842 596 3179 657; x_wconf 86' lang='lat' dir='ltr'><strong>detestatur.</strong></span> <span class='ocrx_word' id='word_1_398' title='bbox 3232 596 3348 658; x_wconf 91' lang='lat' dir='ltr'><strong>Sed</strong></span> <span class='ocrx_word' id='word_1_399' title='bbox 3366 641 3386 672; x_wconf 93' lang='lat'>‚</span> 
     </span>
     <span class='ocr_line' id='line_1_59' title="bbox 1838 692 3388 770; baseline 0 -19"><span class='ocrx_word' id='word_1_400' title='bbox 1838 694 1995 768; x_wconf 89' lang='lat' dir='ltr'><strong>proh</strong></span> <span class='ocrx_word' id='word_1_401' title='bbox 2023 693 2229 753; x_wconf 81' lang='lat' dir='ltr'><strong>dolor!</strong></span> <span class='ocrx_word' id='word_1_402' title='bbox 2272 693 2521 770; x_wconf 89' lang='lat' dir='ltr'><strong>quidam</strong></span> <span class='ocrx_word' id='word_1_403' title='bbox 2553 698 2689 751; x_wconf 83' lang='lat' dir='ltr'><strong>sunt</strong></span> <span class='ocrx_word' id='word_1_404' title='bbox 2726 692 2948 752; x_wconf 87' lang='lat' dir='ltr'><strong>similes</strong></span> <span class='ocrx_word' id='word_1_405' title='bbox 2982 693 3220 765; x_wconf 86' lang='lat' dir='ltr'><strong>scrofis,</strong></span> <span class='ocrx_word' id='word_1_406' title='bbox 3253 710 3388 768; x_wconf 79' lang='lat' dir='ltr'><strong>qnoe</strong></span> 
     </span>
     <span class='ocr_line' id='line_1_60' title="bbox 1840 786 3388 858; baseline 0.001 -13"><span class='ocrx_word' id='word_1_407' title='bbox 1840 786 2122 847; x_wconf 86' lang='lat' dir='ltr'><strong>libentius</strong></span> <span class='ocrx_word' id='word_1_408' title='bbox 2169 788 2231 845; x_wconf 89' lang='lat' dir='ltr'><strong>in</strong></span> <span class='ocrx_word' id='word_1_409' title='bbox 2280 786 2637 846; x_wconf 86' lang='lat' dir='ltr'><strong>stercoribus</strong></span> <span class='ocrx_word' id='word_1_410' title='bbox 2677 787 2978 858; x_wconf 84' lang='lat' dir='ltr'><strong>habitant,</strong></span> <span class='ocrx_word' id='word_1_411' title='bbox 3018 790 3075 845; x_wconf 88' lang='lat' dir='ltr'><strong>et</strong></span> <span class='ocrx_word' id='word_1_412' title='bbox 3118 791 3239 846; x_wconf 88' lang='lat' dir='ltr'><strong>tota</strong></span> <span class='ocrx_word' id='word_1_413' title='bbox 3289 787 3388 846; x_wconf 90' lang='lat' dir='ltr'><strong>die</strong></span> 
     </span>
     <span class='ocr_line' id='line_1_61' title="bbox 1842 879 3390 957; baseline -0.001 -18"><span class='ocrx_word' id='word_1_414' title='bbox 1842 880 2099 955; x_wconf 88' lang='lat' dir='ltr'><strong>pedibus</strong></span> <span class='ocrx_word' id='word_1_415' title='bbox 2133 880 2377 939; x_wconf 82' lang='lat' dir='ltr'><strong>volvunt</strong></span> <span class='ocrx_word' id='word_1_416' title='bbox 2416 880 2850 952; x_wconf 79' lang='lat' dir='ltr'><strong>immunditias,</strong></span> <span class='ocrx_word' id='word_1_417' title='bbox 2892 897 3040 954; x_wconf 85' lang='lat' dir='ltr'><strong>quas</strong></span> <span class='ocrx_word' id='word_1_418' title='bbox 3067 879 3178 955; x_wconf 87' lang='lat' dir='ltr'><strong>ipsi</strong></span> <span class='ocrx_word' id='word_1_419' title='bbox 3212 897 3390 957; x_wconf 81' lang='lat' dir='ltr'><strong>appe·</strong></span> 
     </span>
     <span class='ocr_line' id='line_1_62' title="bbox 1841 973 3389 1048; baseline -0.001 -15"><span class='ocrx_word' id='word_1_420' title='bbox 1841 977 1971 1033; x_wconf 88' lang='lat' dir='ltr'><strong>tunt</strong></span> <span class='ocrx_word' id='word_1_421' title='bbox 1997 976 2149 1033; x_wconf 89' lang='lat' dir='ltr'><strong>inter</strong></span> <span class='ocrx_word' id='word_1_422' title='bbox 2173 990 2359 1033; x_wconf 85' lang='lat' dir='ltr'><strong>rosas.</strong></span> <span class='ocrx_word' id='word_1_423' title='bbox 2386 978 2576 1048; x_wconf 85' lang='lat' dir='ltr'><strong>Turpe</strong></span> <span class='ocrx_word' id='word_1_424' title='bbox 2601 974 2837 1032; x_wconf 80' lang='lat' dir='ltr'><strong>videtur</strong></span> <span class='ocrx_word' id='word_1_425' title='bbox 2865 974 3005 1032; x_wconf 81' lang='lat' dir='ltr'><strong>talia</strong></span> <span class='ocrx_word' id='word_1_426' title='bbox 3035 973 3260 1047; x_wconf 88' lang='lat' dir='ltr'><strong>dicere;</strong></span> <span class='ocrx_word' id='word_1_427' title='bbox 3283 974 3389 1032; x_wconf 89' lang='lat' dir='ltr'><strong>sed</strong></span> 
     </span>
     <span class='ocr_line' id='line_1_63' title="bbox 1842 1066 3390 1142; baseline 0.001 -16"><span class='ocrx_word' id='word_1_428' title='bbox 1842 1069 2074 1142; x_wconf 86' lang='lat' dir='ltr'><strong>turpius</strong></span> <span class='ocrx_word' id='word_1_429' title='bbox 2107 1072 2196 1126; x_wconf 88' lang='lat' dir='ltr'><strong>est</strong></span> <span class='ocrx_word' id='word_1_430' title='bbox 2233 1085 2305 1128; x_wconf 91' lang='lat' dir='ltr'><strong>ea</strong></span> <span class='ocrx_word' id='word_1_431' title='bbox 2329 1066 2542 1126; x_wconf 75' lang='lat' dir='ltr'><strong>facere.</strong></span> <span class='ocrx_word' id='word_1_432' title='bbox 2577 1070 2718 1125; x_wconf 85' lang='lat' dir='ltr'><strong>Vere</strong></span> <span class='ocrx_word' id='word_1_433' title='bbox 2744 1067 2925 1125; x_wconf 86' lang='lat' dir='ltr'><strong>hodie</strong></span> <span class='ocrx_word' id='word_1_434' title='bbox 2951 1070 3143 1141; x_wconf 87' lang='lat' dir='ltr'><strong>potest</strong></span> <span class='ocrx_word' id='word_1_435' title='bbox 3170 1067 3288 1126; x_wconf 88' lang='lat' dir='ltr'><strong>dici</strong></span> <span class='ocrx_word' id='word_1_436' title='bbox 3313 1067 3390 1126; x_wconf 90' lang='lat' dir='ltr'><strong>de</strong></span> 
     </span>
     <span class='ocr_line' id='line_1_64' title="bbox 1844 1161 3385 1237; baseline 0 -17"><span class='ocrx_word' id='word_1_437' title='bbox 1844 1163 2117 1237; x_wconf 87' lang='lat' dir='ltr'><strong>quolibet</strong></span> <span class='ocrx_word' id='word_1_438' title='bbox 2142 1166 2408 1221; x_wconf 87' lang='lat' dir='ltr'><strong>nostrum</strong></span> <span class='ocrx_word' id='word_1_439' title='bbox 2432 1161 2583 1220; x_wconf 91' lang='lat' dir='ltr'><strong>illud</strong></span> <span class='ocrx_word' id='word_1_440' title='bbox 2608 1162 2669 1217; x_wconf 79' lang='lat'><strong>⁶:</strong></span> <span class='ocrx_word' id='word_1_441' title='bbox 2704 1180 2734 1216; x_wconf 75' lang='grc' dir='ltr'><strong>α</strong></span> <span class='ocrx_word' id='word_1_442' title='bbox 2762 1162 2901 1231; x_wconf 88' lang='lat' dir='ltr'><strong>Quis</strong></span> <span class='ocrx_word' id='word_1_443' title='bbox 2920 1163 3117 1236; x_wconf 83' lang='lat' dir='ltr'><strong>potest</strong></span> <span class='ocrx_word' id='word_1_444' title='bbox 3143 1163 3340 1221; x_wconf 91' lang='lat' dir='ltr'><strong>dicere</strong></span> <span class='ocrx_word' id='word_1_445' title='bbox 3371 1180 3385 1220; x_wconf 74' lang='grc' dir='ltr'><strong>ε</strong></span> 
     </span>
     <span class='ocr_line' id='line_1_65' title="bbox 1844 1254 3392 1326; baseline 0.001 -13"><span class='ocrx_word' id='word_1_446' title='bbox 1844 1254 2131 1314; x_wconf 80' lang='lat' dir='ltr'><strong>Mundum</strong></span> <span class='ocrx_word' id='word_1_447' title='bbox 2150 1261 2234 1315; x_wconf 89' lang='lat' dir='ltr'><strong>est</strong></span> <span class='ocrx_word' id='word_1_448' title='bbox 2260 1272 2363 1315; x_wconf 88' lang='lat' dir='ltr'><strong>cor</strong></span> <span class='ocrx_word' id='word_1_449' title='bbox 2376 1272 2578 1314; x_wconf 90' lang='lat' dir='ltr'><strong>meum</strong></span> <span class='ocrx_word' id='word_1_450' title='bbox 2595 1257 2625 1311; x_wconf 67' lang='lat'><strong>2?</strong></span> <span class='ocrx_word' id='word_1_451' title='bbox 2637 1276 2666 1311; x_wconf 72' lang='grc' dir='ltr'><strong>ιι</strong></span> <span class='ocrx_word' id='word_1_452' title='bbox 2691 1257 3007 1315; x_wconf 78' lang='lat' dir='ltr'><strong>immunda</strong></span> <span class='ocrx_word' id='word_1_453' title='bbox 3030 1260 3168 1315; x_wconf 91' lang='lat' dir='ltr'><strong>sunt</strong></span> <span class='ocrx_word' id='word_1_454' title='bbox 3184 1257 3392 1326; x_wconf 89' lang='lat' dir='ltr'><strong>corda,</strong></span> 
     </span>
     <span class='ocr_line' id='line_1_66' title="bbox 1846 1348 3394 1425; baseline 0.001 -19"><span class='ocrx_word' id='word_1_455' title='bbox 1846 1348 2159 1407; x_wconf 90' lang='lat' dir='ltr'><strong>immunda</strong></span> <span class='ocrx_word' id='word_1_456' title='bbox 2195 1353 2331 1407; x_wconf 85' lang='lat' dir='ltr'><strong>sunt</strong></span> <span class='ocrx_word' id='word_1_457' title='bbox 2358 1348 2542 1408; x_wconf 81' lang='lat' dir='ltr'><strong>verba</strong></span> <span class='ocrx_word' id='word_1_458' title='bbox 2562 1392 2580 1420; x_wconf 88' lang='lat'><strong>,</strong></span> <span class='ocrx_word' id='word_1_459' title='bbox 2600 1349 2914 1408; x_wconf 88' lang='lat' dir='ltr'><strong>immunda</strong></span> <span class='ocrx_word' id='word_1_460' title='bbox 2938 1355 3074 1409; x_wconf 86' lang='lat' dir='ltr'><strong>sunt</strong></span> <span class='ocrx_word' id='word_1_461' title='bbox 3100 1365 3305 1425; x_wconf 89' lang='lat' dir='ltr'><strong>opera,</strong></span> <span class='ocrx_word' id='word_1_462' title='bbox 3335 1353 3394 1408; x_wconf 90' lang='lat' dir='ltr'><strong>et</strong></span> 
     </span>
     <span class='ocr_line' id='line_1_67' title="bbox 1847 1442 3394 1517; baseline 0.002 -18"><span class='ocrx_word' id='word_1_463' title='bbox 1847 1442 2043 1499; x_wconf 90' lang='lat' dir='ltr'><strong>omnis</strong></span> <span class='ocrx_word' id='word_1_464' title='bbox 2082 1442 2313 1501; x_wconf 89' lang='lat' dir='ltr'><strong>oculata</strong></span> <span class='ocrx_word' id='word_1_465' title='bbox 2347 1444 2422 1517; x_wconf 87' lang='lat' dir='ltr'><strong>(a)</strong></span> <span class='ocrx_word' id='word_1_466' title='bbox 2448 1443 2735 1517; x_wconf 87' lang='lat' dir='ltr'><strong>pudicitia</strong></span> <span class='ocrx_word' id='word_1_467' title='bbox 2765 1462 2779 1500; x_wconf 77' lang='grc' dir='ltr'>ε</span> <span class='ocrx_word' id='word_1_468' title='bbox 2809 1444 2940 1502; x_wconf 90' lang='lat' dir='ltr'><strong>sola</strong></span> <span class='ocrx_word' id='word_1_469' title='bbox 2966 1443 3148 1502; x_wconf 89' lang='lat' dir='ltr'><strong>hodie</strong></span> <span class='ocrx_word' id='word_1_470' title='bbox 3185 1446 3394 1517; x_wconf 86' lang='lat' dir='ltr'><strong>regnat</strong></span> 
     </span>
     <span class='ocr_line' id='line_1_68' title="bbox 1846 1535 3013 1621; baseline 0.002 -29"><span class='ocrx_word' id='word_1_471' title='bbox 1846 1535 2105 1593; x_wconf 86' lang='lat' dir='ltr'><strong>luxuria.</strong></span> <span class='ocrx_word' id='word_1_472' title='bbox 3006 1612 3013 1621; x_wconf 39' lang='lat'><strong>·</strong></span> 
     </span>
    </p>

    <p class='ocr_par' dir='ltr' id='par_1_14' title="bbox 1848 1630 3406 3301">
     <span class='ocr_line' id='line_1_69' title="bbox 1919 1630 3392 1707; baseline 0.001 -19"><span class='ocrx_word' id='word_1_473' title='bbox 1919 1630 2191 1689; x_wconf 89' lang='lat' dir='ltr'><strong>Secundo</strong></span> <span class='ocrx_word' id='word_1_474' title='bbox 2219 1631 2394 1689; x_wconf 89' lang='lat' dir='ltr'><strong>beata</strong></span> <span class='ocrx_word' id='word_1_475' title='bbox 2417 1635 2609 1704; x_wconf 78' lang='lat' dir='ltr'><strong>Agnes</strong></span> <span class='ocrx_word' id='word_1_476' title='bbox 2637 1648 2699 1690; x_wconf 88' lang='lat' dir='ltr'><strong>se</strong></span> <span class='ocrx_word' id='word_1_477' title='bbox 2724 1631 3079 1706; x_wconf 63' lang='lat' dir='ltr'><strong>praeparavit</strong></span> <span class='ocrx_word' id='word_1_478' title='bbox 3105 1646 3214 1707; x_wconf 89' lang='lat' dir='ltr'><strong>per</strong></span> <span class='ocrx_word' id='word_1_479' title='bbox 3240 1636 3392 1690; x_wconf 88' lang='lat' dir='ltr'><strong>exte-</strong></span> 
     </span>
     <span class='ocr_line' id='line_1_70' title="bbox 1848 1723 3395 1799; baseline 0.001 -18"><span class='ocrx_word' id='word_1_480' title='bbox 1848 1723 2071 1782; x_wconf 86' lang='lat' dir='ltr'><strong>riorem</strong></span> <span class='ocrx_word' id='word_1_481' title='bbox 2095 1723 2521 1798; x_wconf 66' lang='lat' dir='ltr'><strong>poenitentiam,</strong></span> <span class='ocrx_word' id='word_1_482' title='bbox 2552 1741 2792 1783; x_wconf 88' lang='lat' dir='ltr'><strong>carnem</strong></span> <span class='ocrx_word' id='word_1_483' title='bbox 2827 1725 3067 1799; x_wconf 87' lang='lat' dir='ltr'><strong>jejuniis</strong></span> <span class='ocrx_word' id='word_1_484' title='bbox 3099 1730 3154 1782; x_wconf 89' lang='lat' dir='ltr'><strong>et</strong></span> <span class='ocrx_word' id='word_1_485' title='bbox 3182 1724 3395 1798; x_wconf 86' lang='lat' dir='ltr'><strong>vigiliis</strong></span> 
     </span>
     <span class='ocr_line' id='line_1_71' title="bbox 1849 1818 3399 1889; baseline 0.001 -14"><span class='ocrx_word' id='word_1_486' title='bbox 1849 1818 2212 1876; x_wconf 88' lang='lat' dir='ltr'><strong>edomando.</strong></span> <span class='ocrx_word' id='word_1_487' title='bbox 2262 1838 2291 1872; x_wconf 73' lang='grc' dir='ltr'><strong>α</strong></span> <span class='ocrx_word' id='word_1_488' title='bbox 2332 1820 2563 1877; x_wconf 88' lang='lat' dir='ltr'><strong>Causati</strong></span> <span class='ocrx_word' id='word_1_489' title='bbox 2605 1818 2766 1876; x_wconf 90' lang='lat' dir='ltr'><strong>enim</strong></span> <span class='ocrx_word' id='word_1_490' title='bbox 2801 1835 3027 1889; x_wconf 89' lang='lat' dir='ltr'><strong>sumus,</strong></span> <span class='ocrx_word' id='word_1_491' title='bbox 3066 1818 3299 1877; x_wconf 80' lang='lat' dir='ltr'><strong>Judaeos</strong></span> <span class='ocrx_word' id='word_1_492' title='bbox 3340 1823 3399 1877; x_wconf 92' lang='lat' dir='ltr'><strong>et</strong></span> 
     </span>
     <span class='ocr_line' id='line_1_72' title="bbox 1848 1911 3398 1986; baseline 0 -16"><span class='ocrx_word' id='word_1_493' title='bbox 1848 1914 2078 1970; x_wconf 74' lang='lat' dir='ltr'><strong>Graecos</strong></span> <span class='ocrx_word' id='word_1_494' title='bbox 2124 1927 2329 1970; x_wconf 90' lang='lat' dir='ltr'><strong>omnes</strong></span> <span class='ocrx_word' id='word_1_495' title='bbox 2365 1912 2477 1970; x_wconf 90' lang='lat' dir='ltr'><strong>sub</strong></span> <span class='ocrx_word' id='word_1_496' title='bbox 2515 1917 2759 1986; x_wconf 85' lang='lat' dir='ltr'><strong>peccato</strong></span> <span class='ocrx_word' id='word_1_497' title='bbox 2807 1929 2954 1981; x_wconf 88' lang='lat' dir='ltr'><strong>esse,</strong></span> <span class='ocrx_word' id='word_1_498' title='bbox 2988 1935 3017 1965; x_wconf 88' lang='lat'>»</span> <span class='ocrx_word' id='word_1_499' title='bbox 3063 1913 3212 1971; x_wconf 90' lang='lat' dir='ltr'><strong>sicut</strong></span> <span class='ocrx_word' id='word_1_500' title='bbox 3257 1911 3398 1970; x_wconf 85' lang='lat' dir='ltr'><strong>dicit</strong></span> 
     </span>
     <span class='ocr_line' id='line_1_73' title="bbox 1849 2005 3400 2080; baseline 0 -16"><span class='ocrx_word' id='word_1_501' title='bbox 1849 2005 2167 2080; x_wconf 78' lang='lat' dir='ltr'><strong>Apostolus</strong></span> <span class='ocrx_word' id='word_1_502' title='bbox 2193 2008 2266 2064; x_wconf 81' lang='lat' dir='ltr'><strong>ad</strong></span> <span class='ocrx_word' id='word_1_503' title='bbox 2292 2010 2553 2064; x_wconf 74' lang='lat' dir='ltr'><strong>Romanos</strong></span> <span class='ocrx_word' id='word_1_504' title='bbox 2579 2008 2622 2063; x_wconf 80' lang='lat'><strong>⁷.</strong></span> <span class='ocrx_word' id='word_1_505' title='bbox 2662 2008 2804 2065; x_wconf 90' lang='lat' dir='ltr'><strong>Item</strong></span> <span class='ocrx_word' id='word_1_506' title='bbox 2829 2006 3084 2065; x_wconf 73' lang='lat' dir='ltr'><strong>lacobus</strong></span> <span class='ocrx_word' id='word_1_507' title='bbox 3119 2006 3180 2064; x_wconf 91' lang='lat' dir='ltr'><strong>in</strong></span> <span class='ocrx_word' id='word_1_508' title='bbox 3211 2007 3400 2064; x_wconf 82' lang='lat' dir='ltr'><strong>Cano·</strong></span> 
     </span>
     <span class='ocr_line' id='line_1_74' title="bbox 1850 2099 3399 2172; baseline 0.001 -15"><span class='ocrx_word' id='word_1_509' title='bbox 1850 2099 1984 2158; x_wconf 88' lang='lat' dir='ltr'><strong>nica</strong></span> <span class='ocrx_word' id='word_1_510' title='bbox 2010 2101 2031 2136; x_wconf 79' lang='lat'>⁸</span> <span class='ocrx_word' id='word_1_511' title='bbox 2065 2118 2080 2157; x_wconf 92' lang='lat'>:</span> <span class='ocrx_word' id='word_1_512' title='bbox 2106 2122 2133 2151; x_wconf 76' lang='grc' dir='ltr'><em>α</em></span> <span class='ocrx_word' id='word_1_513' title='bbox 2160 2104 2225 2160; x_wconf 87' lang='lat' dir='ltr'><strong>ln</strong></span> <span class='ocrx_word' id='word_1_514' title='bbox 2253 2099 2452 2158; x_wconf 87' lang='lat' dir='ltr'><strong>multis</strong></span> <span class='ocrx_word' id='word_1_515' title='bbox 2469 2099 2828 2158; x_wconf 85' lang='lat' dir='ltr'><strong>offendimus</strong></span> <span class='ocrx_word' id='word_1_516' title='bbox 2843 2116 3113 2158; x_wconf 60' lang='lat' dir='ltr'><strong>omnes»</strong></span> <span class='ocrx_word' id='word_1_517' title='bbox 3148 2100 3399 2172; x_wconf 78' lang='lat' dir='ltr'><strong>Offendi-</strong></span> 
     </span>
     <span class='ocr_line' id='line_1_75' title="bbox 1850 2195 3400 2271; baseline 0.003 -19"><span class='ocrx_word' id='word_1_518' title='bbox 1850 2212 1991 2267; x_wconf 81' lang='lat' dir='ltr'><strong>mus,</strong></span> <span class='ocrx_word' id='word_1_519' title='bbox 2022 2195 2181 2266; x_wconf 90' lang='lat' dir='ltr'><strong>dicit,</strong></span> <span class='ocrx_word' id='word_1_520' title='bbox 2212 2212 2335 2254; x_wconf 90' lang='lat' dir='ltr'><strong>non</strong></span> <span class='ocrx_word' id='word_1_521' title='bbox 2372 2195 2689 2268; x_wconf 87' lang='lat' dir='ltr'><strong>offenditis,</strong></span> <span class='ocrx_word' id='word_1_522' title='bbox 2732 2212 2869 2254; x_wconf 90' lang='lat' dir='ltr'><strong>cum</strong></span> <span class='ocrx_word' id='word_1_523' title='bbox 2905 2196 3100 2271; x_wconf 88' lang='lat' dir='ltr'><strong>prima</strong></span> <span class='ocrx_word' id='word_1_524' title='bbox 3141 2212 3400 2270; x_wconf 90' lang='lat' dir='ltr'><strong>persona</strong></span> 
     </span>
     <span class='ocr_line' id='line_1_76' title="bbox 1850 2287 3401 2365; baseline 0.002 -19"><span class='ocrx_word' id='word_1_525' title='bbox 1850 2287 2194 2363; x_wconf 86' lang='lat' dir='ltr'><strong>loqueretur</strong></span> <span class='ocrx_word' id='word_1_526' title='bbox 2238 2289 2588 2363; x_wconf 80' lang='lat' dir='ltr'><strong>Apostolus,</strong></span> <span class='ocrx_word' id='word_1_527' title='bbox 2636 2289 2787 2348; x_wconf 90' lang='lat' dir='ltr'><strong>dans</strong></span> <span class='ocrx_word' id='word_1_528' title='bbox 2831 2288 3188 2363; x_wconf 88' lang='lat' dir='ltr'><strong>intelligere,</strong></span> <span class='ocrx_word' id='word_1_529' title='bbox 3232 2291 3401 2365; x_wconf 91' lang='lat' dir='ltr'><strong>quod</strong></span> 
     </span>
     <span class='ocr_line' id='line_1_77' title="bbox 1850 2382 3399 2458; baseline 0.002 -18"><span class='ocrx_word' id='word_1_530' title='bbox 1850 2382 1965 2458; x_wconf 91' lang='lat' dir='ltr'><strong>ipsi</strong></span> <span class='ocrx_word' id='word_1_531' title='bbox 1989 2382 2247 2457; x_wconf 88' lang='lat' dir='ltr'><strong>apostoli</strong></span> <span class='ocrx_word' id='word_1_532' title='bbox 2280 2383 2666 2441; x_wconf 81' lang='lat' dir='ltr'><strong>offendebant</strong></span> <span class='ocrx_word' id='word_1_533' title='bbox 2691 2386 2734 2441; x_wconf 80' lang='lat'><strong>⁹.</strong></span> <span class='ocrx_word' id='word_1_534' title='bbox 2787 2384 2945 2442; x_wconf 90' lang='lat' dir='ltr'><strong>Unde</strong></span> <span class='ocrx_word' id='word_1_535' title='bbox 2973 2389 3032 2443; x_wconf 91' lang='lat' dir='ltr'><strong>et</strong></span> <span class='ocrx_word' id='word_1_536' title='bbox 3057 2387 3309 2443; x_wconf 73' lang='lat' dir='ltr'><strong>loannes</strong></span> <span class='ocrx_word' id='word_1_537' title='bbox 3336 2384 3399 2444; x_wconf 91' lang='lat' dir='ltr'><strong>in</strong></span> 
     </span>
     <span class='ocr_line' id='line_1_78' title="bbox 1852 2476 3401 2553; baseline 0.003 -20"><span class='ocrx_word' id='word_1_538' title='bbox 1852 2492 1961 2534; x_wconf 90' lang='lat' dir='ltr'><strong>sua</strong></span> <span class='ocrx_word' id='word_1_539' title='bbox 1986 2476 2285 2535; x_wconf 87' lang='lat' dir='ltr'><strong>Canonica</strong></span> <span class='ocrx_word' id='word_1_540' title='bbox 2323 2495 2338 2535; x_wconf 73' lang='grc' dir='ltr'><strong><em>ε</em></strong></span> <span class='ocrx_word' id='word_1_541' title='bbox 2374 2498 2401 2530; x_wconf 73' lang='grc' dir='ltr'><strong>α</strong></span> <span class='ocrx_word' id='word_1_542' title='bbox 2433 2478 2519 2549; x_wconf 84' lang='lat' dir='ltr'><strong>Si,</strong></span> <span class='ocrx_word' id='word_1_543' title='bbox 2547 2477 2737 2552; x_wconf 90' lang='lat' dir='ltr'><strong>inquit</strong></span> <span class='ocrx_word' id='word_1_544' title='bbox 2765 2476 2827 2549; x_wconf 85' lang='lat'><strong>¹⁰,</strong></span> <span class='ocrx_word' id='word_1_545' title='bbox 2878 2478 3221 2551; x_wconf 84' lang='lat' dir='ltr'><strong>dixerimus,</strong></span> <span class='ocrx_word' id='word_1_546' title='bbox 3257 2479 3401 2553; x_wconf 88' lang='lat' dir='ltr'><strong>quia</strong></span> 
     </span>
     <span class='ocr_line' id='line_1_79' title="bbox 1852 2570 3402 2647; baseline 0.002 -19"><span class='ocrx_word' id='word_1_547' title='bbox 1852 2574 2161 2645; x_wconf 88' lang='lat' dir='ltr'><strong>peccatum</strong></span> <span class='ocrx_word' id='word_1_548' title='bbox 2184 2586 2308 2629; x_wconf 89' lang='lat' dir='ltr'><strong>non</strong></span> <span class='ocrx_word' id='word_1_549' title='bbox 2329 2570 2626 2629; x_wconf 89' lang='lat' dir='ltr'><strong>habemus</strong></span> <span class='ocrx_word' id='word_1_550' title='bbox 2641 2614 2661 2645; x_wconf 95' lang='lat'><strong>,</strong></span> <span class='ocrx_word' id='word_1_551' title='bbox 2692 2588 2805 2630; x_wconf 89' lang='lat' dir='ltr'><strong>nos</strong></span> <span class='ocrx_word' id='word_1_552' title='bbox 2840 2573 3003 2647; x_wconf 87' lang='lat' dir='ltr'><strong>ipsos</strong></span> <span class='ocrx_word' id='word_1_553' title='bbox 3042 2572 3402 2642; x_wconf 77' lang='lat' dir='ltr'><strong>seducimus,</strong></span> 
     </span>
     <span class='ocr_line' id='line_1_80' title="bbox 1853 2664 3401 2736; baseline -0.001 -13"><span class='ocrx_word' id='word_1_554' title='bbox 1853 2670 1911 2723; x_wconf 91' lang='lat' dir='ltr'><strong>et</strong></span> <span class='ocrx_word' id='word_1_555' title='bbox 1935 2664 2149 2723; x_wconf 76' lang='lat' dir='ltr'><strong>veritas</strong></span> <span class='ocrx_word' id='word_1_556' title='bbox 2178 2665 2240 2723; x_wconf 94' lang='lat' dir='ltr'><strong>in</strong></span> <span class='ocrx_word' id='word_1_557' title='bbox 2278 2664 2471 2724; x_wconf 90' lang='lat' dir='ltr'><strong>nobis·</strong></span> <span class='ocrx_word' id='word_1_558' title='bbox 2493 2681 2615 2723; x_wconf 91' lang='lat' dir='ltr'><strong>non</strong></span> <span class='ocrx_word' id='word_1_559' title='bbox 2644 2668 2747 2724; x_wconf 88' lang='lat' dir='ltr'><strong>est.</strong></span> <span class='ocrx_word' id='word_1_560' title='bbox 2782 2687 2810 2722; x_wconf 67' lang='lat' dir='ltr'><strong>n</strong></span> <span class='ocrx_word' id='word_1_561' title='bbox 2847 2668 3036 2736; x_wconf 88' lang='lat' dir='ltr'><strong>Quare</strong></span> <span class='ocrx_word' id='word_1_562' title='bbox 3064 2667 3182 2725; x_wconf 77' lang='lat' dir='ltr'><strong>ita?</strong></span> <span class='ocrx_word' id='word_1_563' title='bbox 3216 2669 3284 2724; x_wconf 93' lang='lat' dir='ltr'><strong>Ut</strong></span> <span class='ocrx_word' id='word_1_564' title='bbox 3309 2666 3401 2723; x_wconf 90' lang='lat' dir='ltr'><strong>in-</strong></span> 
     </span>
     <span class='ocr_line' id='line_1_81' title="bbox 1852 2758 3404 2834; baseline 0.002 -19"><span class='ocrx_word' id='word_1_565' title='bbox 1852 2758 2153 2831; x_wconf 78' lang='lat' dir='ltr'><strong>telligatiS,</strong></span> <span class='ocrx_word' id='word_1_566' title='bbox 2184 2759 2349 2834; x_wconf 91' lang='lat' dir='ltr'><strong>quod</strong></span> <span class='ocrx_word' id='word_1_567' title='bbox 2380 2764 2437 2818; x_wconf 89' lang='lat' dir='ltr'><strong>et</strong></span> <span class='ocrx_word' id='word_1_568' title='bbox 2464 2759 2635 2833; x_wconf 83' lang='lat' dir='ltr'><strong>virgo</strong></span> <span class='ocrx_word' id='word_1_569' title='bbox 2670 2759 2795 2818; x_wconf 79' lang='lat' dir='ltr'><strong>haec</strong></span> <span class='ocrx_word' id='word_1_570' title='bbox 2840 2763 3041 2818; x_wconf 81' lang='lat' dir='ltr'><strong>sancta</strong></span> <span class='ocrx_word' id='word_1_571' title='bbox 3078 2776 3200 2819; x_wconf 89' lang='lat' dir='ltr'><strong>non</strong></span> <span class='ocrx_word' id='word_1_572' title='bbox 3228 2759 3404 2819; x_wconf 87' lang='lat' dir='ltr'><strong>fuerit</strong></span> 
     </span>
     <span class='ocr_line' id='line_1_82' title="bbox 1853 2852 3402 2929; baseline 0.002 -19"><span class='ocrx_word' id='word_1_573' title='bbox 1853 2852 2082 2925; x_wconf 87' lang='lat' dir='ltr'><strong>absque</strong></span> <span class='ocrx_word' id='word_1_574' title='bbox 2108 2852 2315 2928; x_wconf 89' lang='lat' dir='ltr'><strong>culpa,</strong></span> <span class='ocrx_word' id='word_1_575' title='bbox 2344 2853 2554 2911; x_wconf 88' lang='lat' dir='ltr'><strong>saltem</strong></span> <span class='ocrx_word' id='word_1_576' title='bbox 2588 2852 2825 2923; x_wconf 82' lang='lat' dir='ltr'><strong>veniali,</strong></span> <span class='ocrx_word' id='word_1_577' title='bbox 2858 2853 2996 2912; x_wconf 90' lang='lat' dir='ltr'><strong>ideo</strong></span> <span class='ocrx_word' id='word_1_578' title='bbox 3037 2854 3250 2927; x_wconf 89' lang='lat' dir='ltr'><strong>egebat</strong></span> <span class='ocrx_word' id='word_1_579' title='bbox 3274 2870 3402 2929; x_wconf 87' lang='lat' dir='ltr'><strong>poe·</strong></span> 
     </span>
     <span class='ocr_line' id='line_1_83' title="bbox 1853 2945 3402 3023; baseline 0.003 -21"><span class='ocrx_word' id='word_1_580' title='bbox 1853 2945 2116 3005; x_wconf 87' lang='lat' dir='ltr'><strong>nitentia.</strong></span> <span class='ocrx_word' id='word_1_581' title='bbox 2146 2947 2307 3005; x_wconf 89' lang='lat' dir='ltr'><strong>Unde</strong></span> <span class='ocrx_word' id='word_1_582' title='bbox 2334 2951 2393 3005; x_wconf 92' lang='lat' dir='ltr'><strong>et</strong></span> <span class='ocrx_word' id='word_1_583' title='bbox 2419 2947 2494 3006; x_wconf 87' lang='lat' dir='ltr'><strong>de</strong></span> <span class='ocrx_word' id='word_1_584' title='bbox 2521 2949 2697 3006; x_wconf 88' lang='lat' dir='ltr'><strong>beata</strong></span> <span class='ocrx_word' id='word_1_585' title='bbox 2719 2948 2949 3006; x_wconf 75' lang='lat' dir='ltr'><strong>Caecilia</strong></span> <span class='ocrx_word' id='word_1_586' title='bbox 2971 2947 3203 3019; x_wconf 86' lang='lat' dir='ltr'><strong>dicitur,</strong></span> <span class='ocrx_word' id='word_1_587' title='bbox 3234 2948 3402 3023; x_wconf 91' lang='lat' dir='ltr'><strong>quod</strong></span> 
     </span>
     <span class='ocr_line' id='line_1_84' title="bbox 1854 3038 3404 3115; baseline 0.001 -18"><span class='ocrx_word' id='word_1_588' title='bbox 1854 3038 2049 3098; x_wconf 91' lang='lat' dir='ltr'><strong>cilicio</strong></span> <span class='ocrx_word' id='word_1_589' title='bbox 2094 3040 2174 3098; x_wconf 90' lang='lat' dir='ltr'><strong>ad</strong></span> <span class='ocrx_word' id='word_1_590' title='bbox 2216 3056 2455 3099; x_wconf 87' lang='lat' dir='ltr'><strong>carnem</strong></span> <span class='ocrx_word' id='word_1_591' title='bbox 2498 3040 2707 3099; x_wconf 87' lang='lat' dir='ltr'><strong>induta</strong></span> <span class='ocrx_word' id='word_1_592' title='bbox 2746 3046 2908 3113; x_wconf 81' lang='lat' dir='ltr'><strong>erat,</strong></span> <span class='ocrx_word' id='word_1_593' title='bbox 2955 3045 3010 3098; x_wconf 84' lang='lat' dir='ltr'><strong>et</strong></span> <span class='ocrx_word' id='word_1_594' title='bbox 3060 3039 3226 3115; x_wconf 90' lang='lat' dir='ltr'><strong>quod</strong></span> <span class='ocrx_word' id='word_1_595' title='bbox 3274 3056 3404 3099; x_wconf 88' lang='lat' dir='ltr'><strong>car-</strong></span> 
     </span>
     <span class='ocr_line' id='line_1_85' title="bbox 1854 3133 3406 3207; baseline 0.001 -16"><span class='ocrx_word' id='word_1_596' title='bbox 1854 3149 1996 3191; x_wconf 90' lang='lat' dir='ltr'><strong>nem</strong></span> <span class='ocrx_word' id='word_1_597' title='bbox 2043 3133 2282 3206; x_wconf 73' lang='lat' dir='ltr'><strong>jeiuniis</strong></span> <span class='ocrx_word' id='word_1_598' title='bbox 2342 3138 2402 3193; x_wconf 89' lang='lat' dir='ltr'><strong>et</strong></span> <span class='ocrx_word' id='word_1_599' title='bbox 2453 3134 2671 3207; x_wconf 84' lang='lat' dir='ltr'><strong>vigiliis</strong></span> <span class='ocrx_word' id='word_1_600' title='bbox 2726 3134 3067 3193; x_wconf 88' lang='lat' dir='ltr'><strong>edomabat.</strong></span> <span class='ocrx_word' id='word_1_601' title='bbox 3132 3135 3406 3194; x_wconf 86' lang='lat' dir='ltr'><strong>Sciebant</strong></span> 
     </span>
     <span class='ocr_line' id='line_1_86' title="bbox 1857 3227 3403 3301; baseline 0.001 -16"><span class='ocrx_word' id='word_1_602' title='bbox 1857 3227 2017 3286; x_wconf 89' lang='lat' dir='ltr'><strong>enim</strong></span> <span class='ocrx_word' id='word_1_603' title='bbox 2063 3228 2155 3285; x_wconf 81' lang='lat' dir='ltr'><strong>hae</strong></span> <span class='ocrx_word' id='word_1_604' title='bbox 2218 3230 2433 3287; x_wconf 80' lang='lat' dir='ltr'><strong>sanctae</strong></span> <span class='ocrx_word' id='word_1_605' title='bbox 2487 3228 2749 3301; x_wconf 82' lang='lat' dir='ltr'><strong>virgines</strong></span> <span class='ocrx_word' id='word_1_606' title='bbox 2804 3227 3029 3286; x_wconf 90' lang='lat' dir='ltr'><strong>dictum</strong></span> <span class='ocrx_word' id='word_1_607' title='bbox 3080 3227 3259 3287; x_wconf 78' lang='lat' dir='ltr'><strong>fuisse</strong></span> <span class='ocrx_word' id='word_1_608' title='bbox 3315 3228 3403 3287; x_wconf 90' lang='lat' dir='ltr'><strong>illi</strong></span> 
     </span>
    </p>
   </div>
   <div class='ocr_carea' id='block_1_13' title="bbox 1854 3321 3503 3397">
    <p class='ocr_par' dir='ltr' id='par_1_15' title="bbox 1854 3321 3503 3397">
     <span class='ocr_line' id='line_1_87' title="bbox 1854 3321 3503 3397; baseline 0.001 -17"><span class='ocrx_word' id='word_1_609' title='bbox 1854 3321 1981 3395; x_wconf 89' lang='lat' dir='ltr'><strong>regi</strong></span> <span class='ocrx_word' id='word_1_610' title='bbox 2023 3328 2227 3380; x_wconf 89' lang='lat' dir='ltr'><strong>sancto</strong></span> <span class='ocrx_word' id='word_1_611' title='bbox 2274 3323 2315 3359; x_wconf 86' lang='lat'><strong>¹¹</strong></span> <span class='ocrx_word' id='word_1_612' title='bbox 2364 3341 2378 3380; x_wconf 93' lang='lat'>:</span> <span class='ocrx_word' id='word_1_613' title='bbox 2414 3344 2443 3375; x_wconf 76' lang='grc' dir='ltr'>α</span> <span class='ocrx_word' id='word_1_614' title='bbox 2478 3322 2666 3396; x_wconf 81' lang='lat' dir='ltr'><strong>impio</strong></span> <span class='ocrx_word' id='word_1_615' title='bbox 2714 3321 2943 3397; x_wconf 77' lang='lat' dir='ltr'><strong>praebes</strong></span> <span class='ocrx_word' id='word_1_616' title='bbox 2985 3321 3300 3395; x_wconf 86' lang='lat' dir='ltr'><strong>auxilium,</strong></span> <span class='ocrx_word' id='word_1_617' title='bbox 3348 3328 3408 3381; x_wconf 89' lang='lat' dir='ltr'><strong>et</strong></span> <span class='ocrx_word' id='word_1_618' title='bbox 3480 3350 3503 3357; x_wconf 90' lang='lat'><strong>·-</strong></span> 
     </span>
    </p>
   </div>
   <div class='ocr_carea' id='block_1_14' title="bbox 1850 3414 3405 5085">
    <p class='ocr_par' dir='ltr' id='par_1_16' title="bbox 1850 3414 3405 5085">
     <span class='ocr_line' id='line_1_88' title="bbox 1854 3414 3405 3490; baseline 0.001 -17"><span class='ocrx_word' id='word_1_619' title='bbox 1854 3415 1946 3473; x_wconf 86' lang='lat' dir='ltr'><strong>his</strong></span> <span class='ocrx_word' id='word_1_620' title='bbox 1974 3416 2079 3490; x_wconf 88' lang='lat' dir='ltr'><strong>qui</strong></span> <span class='ocrx_word' id='word_1_621' title='bbox 2106 3415 2365 3474; x_wconf 89' lang='lat' dir='ltr'><strong>oderunt</strong></span> <span class='ocrx_word' id='word_1_622' title='bbox 2388 3416 2727 3488; x_wconf 88' lang='lat' dir='ltr'><strong>Dominum,</strong></span> <span class='ocrx_word' id='word_1_623' title='bbox 2752 3414 3009 3474; x_wconf 88' lang='lat' dir='ltr'><strong>amicitia</strong></span> <span class='ocrx_word' id='word_1_624' title='bbox 3031 3415 3321 3488; x_wconf 88' lang='lat' dir='ltr'><strong>jungeris,</strong></span> <span class='ocrx_word' id='word_1_625' title='bbox 3350 3420 3405 3474; x_wconf 90' lang='lat' dir='ltr'><strong>et</strong></span> 
     </span>
     <span class='ocr_line' id='line_1_89' title="bbox 1854 3507 3398 3584; baseline 0.003 -19"><span class='ocrx_word' id='word_1_626' title='bbox 1854 3507 2080 3567; x_wconf 89' lang='lat' dir='ltr'><strong>idcirco</strong></span> <span class='ocrx_word' id='word_1_627' title='bbox 2102 3509 2255 3567; x_wconf 91' lang='lat' dir='ltr'><strong>iram</strong></span> <span class='ocrx_word' id='word_1_628' title='bbox 2277 3509 2523 3584; x_wconf 88' lang='lat' dir='ltr'><strong>quidem</strong></span> <span class='ocrx_word' id='word_1_629' title='bbox 2554 3509 2785 3568; x_wconf 91' lang='lat' dir='ltr'><strong>Domini</strong></span> <span class='ocrx_word' id='word_1_630' title='bbox 2818 3508 3164 3568; x_wconf 87' lang='lat' dir='ltr'><strong>merebaris.</strong></span> <span class='ocrx_word' id='word_1_631' title='bbox 3194 3529 3224 3562; x_wconf 70' lang='grc' dir='ltr'><strong>ι</strong></span> <span class='ocrx_word' id='word_1_632' title='bbox 3255 3513 3398 3568; x_wconf 85' lang='lat' dir='ltr'><strong>Ecce</strong></span> 
     </span>
     <span class='ocr_line' id='line_1_90' title="bbox 1856 3601 3403 3678; baseline 0.001 -18"><span class='ocrx_word' id='word_1_633' title='bbox 1856 3602 2054 3676; x_wconf 86' lang='lat' dir='ltr'><strong>culpa.</strong></span> <span class='ocrx_word' id='word_1_634' title='bbox 2086 3622 2115 3657; x_wconf 71' lang='grc' dir='ltr'><strong>α</strong></span> <span class='ocrx_word' id='word_1_635' title='bbox 2140 3602 2253 3661; x_wconf 91' lang='lat' dir='ltr'><strong>Sed</strong></span> <span class='ocrx_word' id='word_1_636' title='bbox 2281 3603 2443 3661; x_wconf 87' lang='lat' dir='ltr'><strong>bona</strong></span> <span class='ocrx_word' id='word_1_637' title='bbox 2467 3601 2710 3660; x_wconf 84' lang='lat' dir='ltr'><strong>inventa</strong></span> <span class='ocrx_word' id='word_1_638' title='bbox 2737 3608 2873 3661; x_wconf 88' lang='lat' dir='ltr'><strong>sunt</strong></span> <span class='ocrx_word' id='word_1_639' title='bbox 2900 3603 2961 3660; x_wconf 90' lang='lat' dir='ltr'><strong>in</strong></span> <span class='ocrx_word' id='word_1_640' title='bbox 2987 3606 3044 3660; x_wconf 89' lang='lat' dir='ltr'><strong>te</strong></span> <span class='ocrx_word' id='word_1_641' title='bbox 3075 3622 3090 3660; x_wconf 78' lang='lat'>2</span> <span class='ocrx_word' id='word_1_642' title='bbox 3130 3618 3204 3661; x_wconf 91' lang='lat' dir='ltr'><strong>eo</strong></span> <span class='ocrx_word' id='word_1_643' title='bbox 3233 3603 3403 3678; x_wconf 88' lang='lat' dir='ltr'><strong>quod</strong></span> 
     </span>
     <span class='ocr_line' id='line_1_91' title="bbox 1857 3696 3405 3770; baseline 0.001 -16"><span class='ocrx_word' id='word_1_644' title='bbox 1857 3696 2168 3754; x_wconf 83' lang='lat' dir='ltr'><strong>abstuleris</strong></span> <span class='ocrx_word' id='word_1_645' title='bbox 2194 3696 2363 3756; x_wconf 90' lang='lat' dir='ltr'><strong>lucos</strong></span> <span class='ocrx_word' id='word_1_646' title='bbox 2393 3696 2468 3755; x_wconf 89' lang='lat' dir='ltr'><strong>de</strong></span> <span class='ocrx_word' id='word_1_647' title='bbox 2510 3701 2692 3766; x_wconf 87' lang='lat' dir='ltr'><strong>terra,</strong></span> <span class='ocrx_word' id='word_1_648' title='bbox 2739 3699 2797 3755; x_wconf 90' lang='lat' dir='ltr'><strong>et</strong></span> <span class='ocrx_word' id='word_1_649' title='bbox 2834 3696 3255 3770; x_wconf 77' lang='lat' dir='ltr'><strong>praeparaveris</strong></span> <span class='ocrx_word' id='word_1_650' title='bbox 3299 3712 3405 3755; x_wconf 90' lang='lat' dir='ltr'><strong>cor</strong></span> 
     </span>
     <span class='ocr_line' id='line_1_92' title="bbox 1855 3789 3395 3864; baseline -0.002 -16"><span class='ocrx_word' id='word_1_651' title='bbox 1855 3794 2020 3848; x_wconf 89' lang='lat' dir='ltr'><strong>tuum</strong></span> <span class='ocrx_word' id='word_1_652' title='bbox 2053 3789 2132 3848; x_wconf 88' lang='lat' dir='ltr'><strong>ad</strong></span> <span class='ocrx_word' id='word_1_653' title='bbox 2150 3789 2577 3864; x_wconf 88' lang='lat' dir='ltr'><strong>requirendum</strong></span> <span class='ocrx_word' id='word_1_654' title='bbox 2607 3789 2923 3847; x_wconf 87' lang='lat' dir='ltr'><strong>Dominum</strong></span> <span class='ocrx_word' id='word_1_655' title='bbox 2953 3793 3136 3848; x_wconf 91' lang='lat' dir='ltr'><strong>Deum</strong></span> <span class='ocrx_word' id='word_1_656' title='bbox 3160 3795 3395 3849; x_wconf 80' lang='lat' dir='ltr'><strong>tuum.»</strong></span> 
     </span>
     <span class='ocr_line' id='line_1_93' title="bbox 1854 3883 3402 3960; baseline 0.001 -17"><span class='ocrx_word' id='word_1_657' title='bbox 1854 3884 2096 3960; x_wconf 89' lang='lat' dir='ltr'><strong>Supple,</strong></span> <span class='ocrx_word' id='word_1_658' title='bbox 2126 3900 2235 3959; x_wconf 91' lang='lat' dir='ltr'><strong>per</strong></span> <span class='ocrx_word' id='word_1_659' title='bbox 2252 3883 2680 3960; x_wconf 86' lang='lat' dir='ltr'><strong>poenitentiam.</strong></span> <span class='ocrx_word' id='word_1_660' title='bbox 2702 3884 2817 3942; x_wconf 90' lang='lat' dir='ltr'><strong>Sed</strong></span> <span class='ocrx_word' id='word_1_661' title='bbox 2835 3901 2970 3942; x_wconf 93' lang='lat' dir='ltr'><strong>cum</strong></span> <span class='ocrx_word' id='word_1_662' title='bbox 2989 3884 3175 3943; x_wconf 91' lang='lat' dir='ltr'><strong>simus</strong></span> <span class='ocrx_word' id='word_1_663' title='bbox 3195 3900 3402 3944; x_wconf 88' lang='lat' dir='ltr'><strong>omnes</strong></span> 
     </span>
     <span class='ocr_line' id='line_1_94' title="bbox 1852 3977 3403 4053; baseline 0.003 -19"><span class='ocrx_word' id='word_1_664' title='bbox 1852 3977 2033 4035; x_wconf 89' lang='lat' dir='ltr'><strong>hodie</strong></span> <span class='ocrx_word' id='word_1_665' title='bbox 2078 3981 2417 4051; x_wconf 86' lang='lat' dir='ltr'><strong>peccatores</strong></span> <span class='ocrx_word' id='word_1_666' title='bbox 2436 4018 2457 4048; x_wconf 92' lang='lat'><strong>,</strong></span> <span class='ocrx_word' id='word_1_667' title='bbox 2493 3993 2618 4036; x_wconf 90' lang='lat' dir='ltr'><strong>non</strong></span> <span class='ocrx_word' id='word_1_668' title='bbox 2666 3977 2818 4036; x_wconf 88' lang='lat' dir='ltr'><strong>sicut</strong></span> <span class='ocrx_word' id='word_1_669' title='bbox 2871 3978 3056 4036; x_wconf 87' lang='lat' dir='ltr'><strong>sancti</strong></span> <span class='ocrx_word' id='word_1_670' title='bbox 3096 3978 3200 4053; x_wconf 90' lang='lat' dir='ltr'><strong>qui</strong></span> <span class='ocrx_word' id='word_1_671' title='bbox 3246 3978 3403 4038; x_wconf 83' lang='lat' dir='ltr'><strong>levia</strong></span> 
     </span>
     <span class='ocr_line' id='line_1_95' title="bbox 1855 4070 3403 4146; baseline 0.002 -18"><span class='ocrx_word' id='word_1_672' title='bbox 1855 4070 2321 4143; x_wconf 87' lang='lat' dir='ltr'><strong>committebant,</strong></span> <span class='ocrx_word' id='word_1_673' title='bbox 2337 4070 2443 4129; x_wconf 87' lang='lat' dir='ltr'><strong>sed</strong></span> <span class='ocrx_word' id='word_1_674' title='bbox 2470 4071 2624 4130; x_wconf 88' lang='lat' dir='ltr'><strong>sicut</strong></span> <span class='ocrx_word' id='word_1_675' title='bbox 2644 4071 2965 4144; x_wconf 88' lang='lat' dir='ltr'><strong>criminosi,</strong></span> <span class='ocrx_word' id='word_1_676' title='bbox 2992 4072 3096 4146; x_wconf 90' lang='lat' dir='ltr'><strong>qui</strong></span> <span class='ocrx_word' id='word_1_677' title='bbox 3121 4073 3403 4131; x_wconf 88' lang='lat' dir='ltr'><strong>omnibus</strong></span> 
     </span>
     <span class='ocr_line' id='line_1_96' title="bbox 1853 4164 3404 4241; baseline 0.002 -19"><span class='ocrx_word' id='word_1_678' title='bbox 1853 4165 2107 4239; x_wconf 87' lang='lat' dir='ltr'><strong>peccatis</strong></span> <span class='ocrx_word' id='word_1_679' title='bbox 2142 4182 2205 4223; x_wconf 88' lang='lat' dir='ltr'><strong>se</strong></span> <span class='ocrx_word' id='word_1_680' title='bbox 2232 4164 2565 4240; x_wconf 87' lang='lat' dir='ltr'><strong>implicant,</strong></span> <span class='ocrx_word' id='word_1_681' title='bbox 2606 4165 2712 4224; x_wconf 91' lang='lat' dir='ltr'><strong>ubi</strong></span> <span class='ocrx_word' id='word_1_682' title='bbox 2739 4168 2828 4225; x_wconf 81' lang='lat' dir='ltr'><strong>est</strong></span> <span class='ocrx_word' id='word_1_683' title='bbox 2850 4166 3230 4241; x_wconf 71' lang='lat' dir='ltr'><strong>poeuitentia?</strong></span> <span class='ocrx_word' id='word_1_684' title='bbox 3268 4168 3404 4241; x_wconf 91' lang='lat' dir='ltr'><strong>quis</strong></span> 
     </span>
     <span class='ocr_line' id='line_1_97' title="bbox 1850 4257 3398 4336; baseline 0.001 -19"><span class='ocrx_word' id='word_1_685' title='bbox 1850 4257 2031 4317; x_wconf 88' lang='lat' dir='ltr'><strong>hodie</strong></span> <span class='ocrx_word' id='word_1_686' title='bbox 2061 4258 2244 4331; x_wconf 88' lang='lat' dir='ltr'><strong>dolet,</strong></span> <span class='ocrx_word' id='word_1_687' title='bbox 2273 4258 2323 4316; x_wconf 91' lang='lat' dir='ltr'><strong>si</strong></span> <span class='ocrx_word' id='word_1_688' title='bbox 2351 4262 2535 4318; x_wconf 91' lang='lat' dir='ltr'><strong>Deum</strong></span> <span class='ocrx_word' id='word_1_689' title='bbox 2556 4259 2804 4318; x_wconf 87' lang='lat' dir='ltr'><strong>offendit</strong></span> <span class='ocrx_word' id='word_1_690' title='bbox 2823 4262 2853 4317; x_wconf 64' lang='lat'><strong>2³</strong></span> <span class='ocrx_word' id='word_1_691' title='bbox 2880 4263 3023 4318; x_wconf 85' lang='lat' dir='ltr'><strong>Vere</strong></span> <span class='ocrx_word' id='word_1_692' title='bbox 3052 4261 3188 4336; x_wconf 88' lang='lat' dir='ltr'><strong>plus</strong></span> <span class='ocrx_word' id='word_1_693' title='bbox 3214 4260 3398 4335; x_wconf 88' lang='lat' dir='ltr'><strong>dolet,</strong></span> 
     </span>
     <span class='ocr_line' id='line_1_98' title="bbox 1853 4351 3401 4428; baseline 0.003 -18"><span class='ocrx_word' id='word_1_694' title='bbox 1853 4352 1902 4410; x_wconf 85' lang='lat' dir='ltr'><strong>si</strong></span> <span class='ocrx_word' id='word_1_695' title='bbox 1937 4352 2172 4410; x_wconf 90' lang='lat' dir='ltr'><strong>asinum</strong></span> <span class='ocrx_word' id='word_1_696' title='bbox 2211 4351 2473 4427; x_wconf 87' lang='lat' dir='ltr'><strong>perdidit</strong></span> <span class='ocrx_word' id='word_1_697' title='bbox 2503 4369 2518 4408; x_wconf 78' lang='grc' dir='ltr'><em>τ</em></span> <span class='ocrx_word' id='word_1_698' title='bbox 2555 4354 2731 4426; x_wconf 90' lang='lat' dir='ltr'><strong>quia,</strong></span> <span class='ocrx_word' id='word_1_699' title='bbox 2760 4353 2928 4411; x_wconf 87' lang='lat' dir='ltr'><strong>asino</strong></span> <span class='ocrx_word' id='word_1_700' title='bbox 2975 4354 3234 4428; x_wconf 88' lang='lat' dir='ltr'><strong>perdito,</strong></span> <span class='ocrx_word' id='word_1_701' title='bbox 3259 4370 3401 4414; x_wconf 90' lang='lat' dir='ltr'><strong>mox</strong></span> 
     </span>
     <span class='ocr_line' id='line_1_99' title="bbox 1853 4445 3402 4522; baseline 0.001 -18"><span class='ocrx_word' id='word_1_702' title='bbox 1853 4462 1992 4504; x_wconf 91' lang='lat' dir='ltr'><strong>eum</strong></span> <span class='ocrx_word' id='word_1_703' title='bbox 2042 4446 2281 4521; x_wconf 80' lang='lat' dir='ltr'><strong>quaerit3</strong></span> <span class='ocrx_word' id='word_1_704' title='bbox 2331 4445 2476 4518; x_wconf 89' lang='lat' dir='ltr'><strong>sed,</strong></span> <span class='ocrx_word' id='word_1_705' title='bbox 2527 4448 2645 4505; x_wconf 93' lang='lat' dir='ltr'><strong>Deo</strong></span> <span class='ocrx_word' id='word_1_706' title='bbox 2681 4447 2956 4521; x_wconf 87' lang='lat' dir='ltr'><strong>perdito,</strong></span> <span class='ocrx_word' id='word_1_707' title='bbox 3009 4452 3068 4505; x_wconf 90' lang='lat' dir='ltr'><strong>et</strong></span> <span class='ocrx_word' id='word_1_708' title='bbox 3103 4462 3210 4522; x_wconf 91' lang='lat' dir='ltr'><strong>per</strong></span> <span class='ocrx_word' id='word_1_709' title='bbox 3251 4451 3402 4505; x_wconf 91' lang='lat' dir='ltr'><strong>tem-</strong></span> 
     </span>
     <span class='ocr_line' id='line_1_100' title="bbox 1852 4540 3404 4616; baseline 0.001 -17"><span class='ocrx_word' id='word_1_710' title='bbox 1852 4556 2005 4616; x_wconf 89' lang='lat' dir='ltr'><strong>pora</strong></span> <span class='ocrx_word' id='word_1_711' title='bbox 2045 4540 2395 4614; x_wconf 85' lang='lat' dir='ltr'><strong>longissima</strong></span> <span class='ocrx_word' id='word_1_712' title='bbox 2412 4581 2428 4609; x_wconf 91' lang='lat'><strong>,</strong></span> <span class='ocrx_word' id='word_1_713' title='bbox 2483 4555 2608 4599; x_wconf 90' lang='lat' dir='ltr'><strong>non</strong></span> <span class='ocrx_word' id='word_1_714' title='bbox 2653 4540 2920 4614; x_wconf 87' lang='lat' dir='ltr'><strong>requirit.</strong></span> <span class='ocrx_word' id='word_1_715' title='bbox 2974 4544 3041 4599; x_wconf 87' lang='lat' dir='ltr'><strong>Et</strong></span> <span class='ocrx_word' id='word_1_716' title='bbox 3090 4544 3404 4616; x_wconf 87' lang='lat' dir='ltr'><strong>propterea</strong></span> 
     </span>
     <span class='ocr_line' id='line_1_101' title="bbox 1853 4634 3398 4711; baseline 0 -17"><span class='ocrx_word' id='word_1_717' title='bbox 1853 4636 2235 4711; x_wconf 87' lang='lat' dir='ltr'><strong>conqueritur</strong></span> <span class='ocrx_word' id='word_1_718' title='bbox 2274 4634 2555 4693; x_wconf 89' lang='lat' dir='ltr'><strong>Dominus</strong></span> <span class='ocrx_word' id='word_1_719' title='bbox 2592 4648 2701 4708; x_wconf 85' lang='lat' dir='ltr'><strong>per</strong></span> <span class='ocrx_word' id='word_1_720' title='bbox 2742 4635 3053 4693; x_wconf 68' lang='lat' dir='ltr'><strong>ieremiam</strong></span> <span class='ocrx_word' id='word_1_721' title='bbox 3081 4635 3283 4694; x_wconf 88' lang='lat' dir='ltr'><strong>dicens</strong></span> <span class='ocrx_word' id='word_1_722' title='bbox 3318 4637 3398 4694; x_wconf 76' lang='lat'><strong>¹⁸:</strong></span> 
     </span>
     <span class='ocr_line' id='line_1_102' title="bbox 1862 4728 3403 4805; baseline 0.003 -21"><span class='ocrx_word' id='word_1_723' title='bbox 1862 4750 1888 4784; x_wconf 71' lang='grc' dir='ltr'><strong>α</strong></span> <span class='ocrx_word' id='word_1_724' title='bbox 1917 4728 2219 4804; x_wconf 87' lang='lat' dir='ltr'><strong>Numquid</strong></span> <span class='ocrx_word' id='word_1_725' title='bbox 2245 4728 2349 4803; x_wconf 89' lang='lat' dir='ltr'><strong>qui</strong></span> <span class='ocrx_word' id='word_1_726' title='bbox 2379 4728 2538 4787; x_wconf 87' lang='lat' dir='ltr'><strong>cadit</strong></span> <span class='ocrx_word' id='word_1_727' title='bbox 2562 4744 2687 4786; x_wconf 89' lang='lat' dir='ltr'><strong>non</strong></span> <span class='ocrx_word' id='word_1_728' title='bbox 2712 4733 2997 4803; x_wconf 87' lang='lat' dir='ltr'><strong>resurget,</strong></span> <span class='ocrx_word' id='word_1_729' title='bbox 3028 4733 3087 4788; x_wconf 89' lang='lat' dir='ltr'><strong>et</strong></span> <span class='ocrx_word' id='word_1_730' title='bbox 3113 4730 3216 4805; x_wconf 90' lang='lat' dir='ltr'><strong>qui</strong></span> <span class='ocrx_word' id='word_1_731' title='bbox 3237 4746 3403 4788; x_wconf 86' lang='lat' dir='ltr'><strong>aver-</strong></span> 
     </span>
     <span class='ocr_line' id='line_1_103' title="bbox 1854 4822 3402 4895; baseline 0.001 -16"><span class='ocrx_word' id='word_1_732' title='bbox 1854 4840 1951 4880; x_wconf 84' lang='lat' dir='ltr'><strong>sus</strong></span> <span class='ocrx_word' id='word_1_733' title='bbox 1979 4827 2067 4881; x_wconf 86' lang='lat' dir='ltr'><strong>est</strong></span> <span class='ocrx_word' id='word_1_734' title='bbox 2091 4838 2213 4880; x_wconf 92' lang='lat' dir='ltr'><strong>non</strong></span> <span class='ocrx_word' id='word_1_735' title='bbox 2241 4822 2604 4880; x_wconf 74' lang='lat' dir='ltr'><strong>revertetur?</strong></span> <span class='ocrx_word' id='word_1_736' title='bbox 2629 4823 2821 4893; x_wconf 86' lang='lat' dir='ltr'><strong>Quare</strong></span> <span class='ocrx_word' id='word_1_737' title='bbox 2861 4838 3004 4895; x_wconf 90' lang='lat' dir='ltr'><strong>ergo</strong></span> <span class='ocrx_word' id='word_1_738' title='bbox 3048 4838 3290 4881; x_wconf 79' lang='lat' dir='ltr'><strong>aversus</strong></span> <span class='ocrx_word' id='word_1_739' title='bbox 3315 4826 3402 4881; x_wconf 87' lang='lat' dir='ltr'><strong>est</strong></span> 
     </span>
     <span class='ocr_line' id='line_1_104' title="bbox 1855 4917 3398 4992; baseline -0.001 -15"><span class='ocrx_word' id='word_1_740' title='bbox 1855 4919 2116 4992; x_wconf 89' lang='lat' dir='ltr'><strong>populus</strong></span> <span class='ocrx_word' id='word_1_741' title='bbox 2151 4917 2256 4976; x_wconf 88' lang='lat' dir='ltr'><strong>iste</strong></span> <span class='ocrx_word' id='word_1_742' title='bbox 2305 4920 2365 4975; x_wconf 86' lang='lat' dir='ltr'><strong>in</strong></span> <span class='ocrx_word' id='word_1_743' title='bbox 2411 4917 2767 4975; x_wconf 83' lang='lat' dir='ltr'><strong>Hierusalem</strong></span> <span class='ocrx_word' id='word_1_744' title='bbox 2809 4918 3116 4976; x_wconf 75' lang='lat' dir='ltr'><strong>aversione</strong></span> <span class='ocrx_word' id='word_1_745' title='bbox 3156 4923 3398 4975; x_wconf 86' lang='lat' dir='ltr'><strong>conten-</strong></span> 
     </span>
     <span class='ocr_line' id='line_1_105' title="bbox 1855 5010 3397 5085; baseline 0.001 -16"><span class='ocrx_word' id='word_1_746' title='bbox 1855 5012 2046 5069; x_wconf 71' lang='lat' dir='ltr'><strong>tiosa?</strong></span> <span class='ocrx_word' id='word_1_747' title='bbox 2066 5010 2594 5085; x_wconf 66' lang='lat' dir='ltr'><strong>apprehenderunt</strong></span> <span class='ocrx_word' id='word_1_748' title='bbox 2611 5010 2895 5081; x_wconf 86' lang='lat' dir='ltr'><strong>humana,</strong></span> <span class='ocrx_word' id='word_1_749' title='bbox 2923 5011 3047 5068; x_wconf 83' lang='lat' dir='ltr'><strong>sive</strong></span> <span class='ocrx_word' id='word_1_750' title='bbox 3070 5012 3397 5083; x_wconf 88' lang='lat' dir='ltr'><strong>mundana,</strong></span> 
     </span>
    </p>
   </div>
   <div class='ocr_carea' id='block_1_15' title="bbox 1855 5161 3399 5370">
    <p class='ocr_par' dir='ltr' id='par_1_17' title="bbox 1855 5161 3399 5370">
     <span class='ocr_line' id='line_1_106' title="bbox 1858 5161 3399 5227; baseline 0 -13"><span class='ocrx_word' id='word_1_751' title='bbox 1858 5192 1912 5203; x_wconf 92' lang='lat'><em>-</em></span> <span class='ocrx_word' id='word_1_752' title='bbox 1956 5165 1975 5194; x_wconf 84' lang='lat'>⁸</span> <span class='ocrx_word' id='word_1_753' title='bbox 1999 5164 2133 5216; x_wconf 74' lang='lat' dir='ltr'><strong>lac..</strong></span> <span class='ocrx_word' id='word_1_754' title='bbox 2163 5173 2249 5227; x_wconf 87' lang='lat'><strong>111,</strong></span> <span class='ocrx_word' id='word_1_755' title='bbox 2286 5166 2333 5213; x_wconf 81' lang='lat'><strong>2.</strong></span> <span class='ocrx_word' id='word_1_756' title='bbox 2369 5189 2429 5200; x_wconf 93' lang='lat'><em>-</em></span> <span class='ocrx_word' id='word_1_757' title='bbox 2469 5164 2488 5193; x_wconf 77' lang='lat'>⁹</span> <span class='ocrx_word' id='word_1_758' title='bbox 2518 5163 2596 5213; x_wconf 84' lang='lat' dir='ltr'><strong>Ita</strong></span> <span class='ocrx_word' id='word_1_759' title='bbox 2619 5161 2729 5214; x_wconf 82' lang='lat' dir='ltr'><strong>fere</strong></span> <span class='ocrx_word' id='word_1_760' title='bbox 2754 5163 2915 5213; x_wconf 87' lang='lat' dir='ltr'><strong>Conc.</strong></span> <span class='ocrx_word' id='word_1_761' title='bbox 2943 5162 3098 5213; x_wconf 76' lang='lat' dir='ltr'><strong>Atrio.</strong></span> <span class='ocrx_word' id='word_1_762' title='bbox 3139 5177 3224 5214; x_wconf 87' lang='lat' dir='ltr'><strong>an.</strong></span> <span class='ocrx_word' id='word_1_763' title='bbox 3259 5165 3399 5227; x_wconf 77' lang='lat'><strong>1418,</strong></span> 
     </span>
     <span class='ocr_line' id='line_1_107' title="bbox 1855 5231 3396 5299; baseline 0 -13"><span class='ocrx_word' id='word_1_764' title='bbox 1855 5250 1901 5286; x_wconf 86' lang='lat' dir='ltr'><strong>c.</strong></span> <span class='ocrx_word' id='word_1_765' title='bbox 1935 5246 2048 5286; x_wconf 82' lang='lat' dir='ltr'><strong>vm.</strong></span> <span class='ocrx_word' id='word_1_766' title='bbox 2079 5261 2142 5271; x_wconf 97' lang='lat'>—</span> <span class='ocrx_word' id='word_1_767' title='bbox 2176 5236 2216 5270; x_wconf 84' lang='lat'><strong>¹·</strong></span> <span class='ocrx_word' id='word_1_768' title='bbox 2256 5237 2269 5284; x_wconf 90' lang='lat' dir='ltr'><strong>l</strong></span> <span class='ocrx_word' id='word_1_769' title='bbox 2307 5237 2471 5297; x_wconf 62' lang='lat' dir='ltr'><strong>Joan„</strong></span> <span class='ocrx_word' id='word_1_770' title='bbox 2503 5247 2549 5298; x_wconf 89' lang='lat'><strong>1,</strong></span> <span class='ocrx_word' id='word_1_771' title='bbox 2579 5238 2626 5284; x_wconf 84' lang='lat'><strong>8.</strong></span> <span class='ocrx_word' id='word_1_772' title='bbox 2654 5261 2714 5272; x_wconf 92' lang='lat'>—</span> <span class='ocrx_word' id='word_1_773' title='bbox 2750 5236 2790 5270; x_wconf 81' lang='lat'><strong>¹¹</strong></span> <span class='ocrx_word' id='word_1_774' title='bbox 2820 5235 2859 5283; x_wconf 87' lang='lat' dir='ltr'><strong>lt</strong></span> <span class='ocrx_word' id='word_1_775' title='bbox 2893 5231 3089 5299; x_wconf 62' lang='lat' dir='ltr'><strong>Par-al„</strong></span> <span class='ocrx_word' id='word_1_776' title='bbox 3129 5247 3197 5298; x_wconf 82' lang='lat' dir='ltr'><strong>n,</strong></span> <span class='ocrx_word' id='word_1_777' title='bbox 3236 5238 3310 5286; x_wconf 87' lang='grc'><strong>19.</strong></span> <span class='ocrx_word' id='word_1_778' title='bbox 3342 5262 3396 5272; x_wconf 90' lang='grc'>-</span> 
     </span>
     <span class='ocr_line' id='line_1_108' title="bbox 1861 5308 2392 5370; baseline -0.004 -11"><span class='ocrx_word' id='word_1_779' title='bbox 1861 5308 1899 5340; x_wconf 85' lang='lat'><strong>⁸²</strong></span> <span class='ocrx_word' id='word_1_780' title='bbox 1926 5308 2136 5369; x_wconf 65' lang='lat' dir='ltr'><strong>Jerem„</strong></span> <span class='ocrx_word' id='word_1_781' title='bbox 2164 5310 2392 5370; x_wconf 58' lang='lat' dir='ltr'><strong>vum-6.</strong></span> 
     </span>
    </p>
   </div>
   <div class='ocr_carea' id='block_1_16' title="bbox 1922 5394 3396 5465">
    <p class='ocr_par' dir='ltr' id='par_1_18' title="bbox 1922 5394 3396 5465">
     <span class='ocr_line' id='line_1_109' title="bbox 1922 5394 3396 5465; baseline 0.003 -18"><span class='ocrx_word' id='word_1_782' title='bbox 1922 5399 1993 5465; x_wconf 81' lang='lat' dir='ltr'><strong>(a)</strong></span> <span class='ocrx_word' id='word_1_783' title='bbox 2019 5397 2169 5447; x_wconf 75' lang='lat' dir='ltr'><strong>Forte</strong></span> <span class='ocrx_word' id='word_1_784' title='bbox 2195 5394 2292 5462; x_wconf 75' lang='lat' dir='ltr'><strong>leq.</strong></span> <span class='ocrx_word' id='word_1_785' title='bbox 2324 5396 2631 5462; x_wconf 83' lang='lat' dir='ltr'><strong>proculcata.</strong></span> <span class='ocrx_word' id='word_1_786' title='bbox 2668 5420 2728 5435; x_wconf 66' lang='lat'><strong>⁶-</strong></span> <span class='ocrx_word' id='word_1_787' title='bbox 2773 5396 2844 5465; x_wconf 84' lang='lat' dir='ltr'><strong>(b)</strong></span> <span class='ocrx_word' id='word_1_788' title='bbox 2884 5397 3026 5463; x_wconf 68' lang='grc' dir='ltr'><strong><em>ναῖς.</em></strong></span> <span class='ocrx_word' id='word_1_789' title='bbox 3056 5398 3396 5455; x_wconf 79' lang='lat' dir='ltr'><strong>mendacium.</strong></span> 
     </span>
    </p>
   </div>
  </div>
 </body>
</html>
