4059 6317
666 510 787 572 292

663 639 864 705 trium
892 655 1242 705 annorum.
1274 637 1355 703 Et
1380 643 1548 704 certe
1571 655 1774 722 usque
1800 639 1884 704 ad
1915 643 2207 722 tempora

660 746 832 811 beati
866 744 1186 811 Francisci
1228 746 1359 811 fere
1403 761 1626 810 omues
1666 745 1735 809 in
1779 745 1969 810 tertio
2010 743 2206 828 signo

660 853 1054 919 defecerunt.
1085 852 1209 918 Sed
1229 870 1373 917 ecce
1398 868 1625 917 servus
1642 850 1894 917 Domini
1922 849 2208 917 Francis-
2255 863 2262 877 ·

660 977 780 1026 cus
804 960 1162 1027 ambulavit
1187 960 1401 1025 nudus
1432 963 1495 1024 et
1522 958 1965 1040 discalceatus,
1991 963 2070 1024 ut
2093 975 2207 1023 no·

659 1066 761 1132 bis
785 1068 989 1133 trium
1017 1085 1335 1132 annorum
1357 1114 1376 1146 ,
1404 1067 1526 1132 hoc
1551 1071 1647 1131 est
1662 1115 1680 1146 ‚
1712 1070 2019 1132 extremae
2056 1083 2201 1149 per-

661 1174 950 1240 fectionis
976 1174 1368 1259 paupertatis
1402 1173 1668 1257 signum
1697 1176 1884 1238 esset.
1914 1169 2050 1238 Hoc
2074 1172 2205 1235 uti-

663 1299 794 1365 que
815 1282 1209 1366 paupertatis
1233 1281 1497 1365 signum
1515 1281 1652 1364 ipse
1677 1278 1969 1346 Salvator
1988 1277 2058 1343 in
2086 1295 2207 1342 sua

662 1389 996 1456 nativitate
1043 1389 1317 1454 ostendit
1340 1394 1403 1454 ἐ
1445 1410 1477 1450 ι
1499 1386 1635 1454 Hoc
1659 1387 1844 1455 vobis
1870 1384 2141 1467 signum
2179 1405 2198 1450 t

662 1495 1001 1562 invenietis
1028 1494 1365 1574 infantem,
1389 1516 1422 1557 s
1457 1499 1578 1560 etc.

745 1604 834 1669 De
859 1606 1091 1686 quarto
1135 1601 1323 1683 signo
1351 1600 1551 1684 accipi
1595 1604 1798 1684 potest
1824 1599 1981 1665 illud
2028 1597 2206 1663 Psal-

669 1711 763 1777 mi
794 1713 820 1747 ¹
858 1728 877 1775 :
912 1732 944 1771 α
964 1709 1095 1775 Fac
1116 1726 1372 1776 mecum
1407 1708 1673 1790 signum
1697 1707 1770 1772 in
1794 1707 2039 1774 honum
2073 1707 2154 1790 (a)
2183 1754 2201 1785 ‚

666 1822 741 1882 ut
761 1817 1019 1884 videant
1065 1817 1176 1899 qui
1215 1833 1321 1880 me
1358 1815 1666 1895 oderunt,
1708 1818 1774 1879 et
1809 1814 2207 1880 contundan-

667 1927 799 1990 tur.
827 1945 859 1986 ιο
894 1923 1018 2003 Qui
1040 1940 1159 1989 nos
1183 1922 1480 2002 oderunt,
1512 1922 1835 1987 daemones
1860 1926 2037 2003 sunt,
2066 1941 2206 2007 per-

665 2032 840 2098 versi
864 2032 1177 2098 homiues.
1211 2029 1391 2107 Quod
1413 2033 1629 2096 autem
1655 2033 1752 2095 est
1778 2029 2045 2113 signum
2069 2049 2202 2115 quo

667 2139 950 2204 maxime
966 2137 1250 2203 odientes
1267 2136 1424 2201 alios
1441 2136 1947 2202 confundantur?
1965 2135 2204 2220 Utique

666 2245 939 2310 charitas
953 2247 1073 2310 est.
1098 2241 1263 2309 Nam
1289 2242 1444 2307 situ
1470 2243 1791 2310 benedicis
1814 2244 1870 2309 ei
1887 2291 1910 2323 ,
1938 2243 2054 2327 qui
2090 2243 2205 2308 tibi

665 2352 1006 2432 maledicit,
1035 2351 1260 2434 utique
1285 2350 1691 2415 contunditur
1722 2370 1739 2413 z
1772 2350 1828 2414 si
1852 2368 1971 2434 pro
1998 2350 2049 2414 si
2056 2351 2204 2432 gnis

666 2461 768 2526 sui
789 2459 1075 2525 rancoris
1101 2457 1329 2541 accipit
1355 2457 1542 2540 signa
1566 2457 1663 2522 tui
1685 2458 1946 2538 amoris,
1976 2459 2204 2541 utique

666 2566 1093 2633 confunditur.
1125 2564 1259 2630 Hoc
1291 2568 1386 2629 est
1427 2567 1692 2647 signum
1720 2565 1942 2630 salutis
1981 2564 2158 2631 Raab
2176 2614 2200 2647 ,

665 2675 838 2759 quod
863 2675 935 2740 in
968 2673 1254 2739 funiculo
1278 2672 1568 2738 coccineo
1596 2671 1668 2736 in
1695 2674 1973 2738 fenestra
2000 2673 2202 2756 ligato

666 2782 905 2867 accepit
931 2828 952 2861 ,
998 2781 1164 2846 sicut
1201 2779 1430 2845 dicitur
1476 2780 1522 2845 ⁸.
1578 2777 1743 2856 Quid
1794 2779 1861 2843 iu
1915 2779 2203 2845 funiculo

665 2890 956 2954 coccineo
974 2936 995 2969 ,
1021 2889 1136 2973 qui
1162 2887 1340 2971 ignei
1369 2888 1598 2953 coloris
1625 2891 1745 2968 est,
1772 2887 1898 2953 nisi
1926 2887 2204 2953 charitas

665 2996 1067 3078 significatur
1084 2997 1116 3060 ἲ
1147 2994 1311 3061 Nam
1337 2993 1610 3058 charitas
1634 2993 1829 3077 ignea
1871 2999 1932 3059 et
1972 2995 2204 3061 ardens

665 3103 852 3169 debet
876 3121 1012 3168 esse
1031 3150 1054 3184 ,
1100 3106 1165 3167 et
1190 3100 1354 3166 sicut
1386 3101 1668 3166 funiculo
1693 3119 1890 3168 naves
1926 3102 2008 3167 ad
2045 3120 2199 3185 por-

665 3216 808 3277 tum
828 3212 1197 3291 trabuntur,
1224 3210 1312 3274 ita
1324 3208 1648 3274 charitatis
1662 3209 1915 3276 viuculo
1934 3210 2080 3275 trah
2087 3230 2204 3275 un-

665 3322 775 3384 tur
818 3320 900 3385 ad
925 3323 1184 3403 portum
1212 3316 1433 3382 salutis
1473 3319 1732 3382 aeternae
1760 3316 1782 3351 ⁴
1812 3335 1836 3378 .·
1864 3340 1897 3378 α
1931 3315 2003 3381 ln
2029 3318 2199 3383 funi-

664 3427 826 3493 culis
850 3427 1056 3493 Adam
1094 3425 1346 3490 traham
1377 3441 1486 3489 eos
1504 3472 1527 3504 ,
1568 3424 1638 3487 in
1670 3423 1941 3489 vinculis
1985 3425 2203 3490 chari-

650 3534 832 3599 tatis.
857 3554 889 3594 n
925 3532 1375 3598 Pei-trahemur
1417 3530 1638 3613 utique
1679 3529 1762 3594 ad
1807 3534 2068 3614 portum
2078 3578 2102 3611 ,
2148 3534 2203 3596 si

664 3638 990 3705 funiculus
1011 3638 1249 3705 amoris
1268 3638 1447 3704 fortis
1483 3637 1679 3702 fuerit
1705 3642 1728 3678 ⁸
1756 3659 1772 3703 ε
1798 3660 1831 3698 α
1853 3636 2205 3705 Funiculus

665 3747 894 3831 triplex
909 3746 1161 3811 difficile
1175 3746 1520 3829 rumpitur.
1532 3766 1565 3804 υ
1589 3743 1845 3828 Triplex
1862 3743 2049 3811 debet
2065 3763 2203 3812 esse

665 3854 900 3920 amoris
914 3851 1260 3933 funiculus,
1285 3852 1440 3936 quia
1464 3854 1530 3915 et
1546 3850 1773 3932 Deum,
1803 3855 1866 3916 et
1882 3852 2164 3919 amicum
2180 3903 2198 3935 ‚

665 3967 729 4030 et
752 3962 1089 4028 inimicum
1115 3961 1421 4026 debemus
1445 3959 1737 4041 diligere.
1767 3959 2116 4042 Gregorius
2134 3967 2197 4026 ⁸:

666 4093 711 4135 e
734 4070 874 4137 Una
915 4069 991 4153 (b)
1041 4072 1106 4134 et
1149 4084 1406 4134 summa
1445 4070 1543 4132 est
1567 4067 1854 4151 probatio
1884 4067 1954 4151 (c)
1988 4068 2203 4133 chari-

662 4179 844 4257 tatis,
875 4178 929 4241 si
956 4180 1020 4242 et
1042 4175 1178 4260 ipse
1217 4174 1534 4256 diligitur,
1573 4175 1685 4257 qui
1729 4173 2128 4241 adversatur.
2159 4198 2192 4236 n

663 4284 826 4349 Hinc
862 4288 959 4350 est
994 4282 1169 4367 quod
1202 4281 1448 4348 Veritas
1486 4286 1551 4346 et
1594 4281 1800 4346 crucis
1840 4282 2200 4364 patibulum

661 4392 973 4471 sustinet,
1004 4394 1070 4455 et
1094 4391 1311 4454 tamen
1336 4387 1493 4471 ipsis
1527 4387 1661 4452 suis
1685 4389 2200 4471 persecutoribus

658 4499 1057 4566 affectionem
1099 4494 1451 4562 dilectionis
1491 4493 1838 4577 impendit,
1880 4494 2095 4560 dicens
2119 4503 2144 4538 '¹
2177 4518 2194 4563 z

670 4629 703 4669 α
718 4605 929 4687 Pater,
959 4606 1219 4686 ignosce
1239 4601 1321 4687 (d)
1353 4600 1499 4681 illis,
1523 4622 1556 4661 n
1578 4604 1697 4665 etc.
1728 4599 1798 4665 Si
1824 4619 1958 4666 non
1980 4601 2199 4685 diligis

658 4712 1026 4793 inimicum,
1050 4730 1182 4777 non
1199 4711 1396 4775 habes
1418 4709 1594 4774 hunc
1613 4708 1927 4793 triplicem
1952 4711 2199 4778 fumicu-

653 4822 819 4889 lum.
851 4822 921 4887 Si
963 4838 1125 4904 ergo
1167 4819 1455 4899 saricho,
1485 4817 1552 4883 id
1577 4822 1674 4883 est
1703 4820 1973 4903 munde,
2009 4821 2195 4886 dam-

655 4930 916 4996 natione
939 4934 1179 4995 aeterna
1202 4931 1508 5012 pereunte
1530 4974 1549 5007 ,
1597 4926 1661 4990 id
1687 4926 1962 4992 fenestra
1988 4928 2197 4994 cordis

720 5128 736 5160 ¹
766 5127 902 5189 Luc„
929 5137 992 5190 11,
1021 5126 1099 5176 12.
1122 5150 1186 5163 -
1208 5126 1231 5160 ²
1250 5123 1390 5176 Psal.
1416 5134 1613 5188 unit,
1638 5125 1720 5176 17.
1741 5149 1803 5163 -
1827 5124 1851 5161 ⁸
1875 5126 2008 5189 Ion,
2028 5136 2090 5190 ιι,
2113 5129 2193 5179 21.

659 5225 716 5239 —
747 5201 765 5230 ⁴
796 5205 925 5259 ose„
952 5210 1041 5263 11,
1072 5201 1127 5250 4.
1152 5222 1214 5236 -
1239 5197 1262 5233 ⁸
1294 5196 1476 5262 secte„
1512 5208 1587 5261 tv,
1614 5199 1695 5249 12.
1724 5222 1791 5235 —
1817 5198 1839 5229 ⁸
1869 5199 2106 5265 Gregor.,
2140 5201 2194 5249 in

656 5273 874 5337 Evam„
912 5270 1057 5323 hom.
1084 5280 1264 5335 nvn,
1300 5282 1356 5320 n.
1396 5270 1446 5320 2.
1473 5294 1537 5310 —
1572 5269 1591 5302 ⁷
1626 5269 1766 5332 Luc„
1806 5279 1975 5331 xxm,
2010 5272 2091 5321 34.
2132 5295 2194 5309 —-

656 5343 676 5375 ⁸
712 5344 892 5408 Greg„
916 5341 1142 5408 Dialoq„
1180 5341 1272 5393 lib.
1303 5342 1352 5405 l,
1384 5353 1432 5392 c.
1462 5351 1509 5405 1,
1536 5353 1658 5407 pag.
1697 5343 1810 5392 155.
1842 5367 1899 5378 —
1940 5341 1960 5371 ⁹
1986 5339 2193 5407 Ephee„

654 5425 730 5479 lv,
768 5417 850 5466 3⁰0
892 5439 953 5452 ⁸-
994 5415 1039 5450 ι.
1065 5412 1262 5476 emh-9
1302 5422 1420 5477 'Vl’
1458 5413 1540 5462 2⁵0
1576 5437 1645 5452 -⁸
1680 5412 1717 5447 η
1754 5412 1897 5479 swa,
1934 5422 1999 5476 ¹1,
2043 5413 2094 5464 ⁹0
2130 5437 2194 5452 ⁸-

656 5486 697 5523 ¹²
723 5485 958 5552 Hieron„
989 5487 1045 5537 in
1069 5487 1207 5538 Peal.
1235 5494 1458 5538 unm.

1770 501 2185 571 SERMONES
2228 500 2330 568 DE
2371 499 2770 568 TEMPORE.

2316 635 2677 701 funiculum
2704 633 3032 700 charitatis
3054 651 3186 700 non
3211 633 3511 701 habueris
3525 682 3547 716 ,
3575 638 3655 701 tu
3675 637 3846 702 simi·

2314 743 2458 808 liter
2476 761 2627 808 cum
2652 740 2896 806 mundo
2920 741 3179 825 peribis.

2395 848 2554 915 Ecce
2571 896 2589 927 ‚
2619 847 3010 927 charissimi,
3037 849 3274 932 quibus
3299 848 3614 915 virtutum
3645 850 3852 934 signis

2312 974 2434 1022 nos
2476 956 2760 1038 signavit
2800 955 3079 1038 Spiritus
3105 959 3381 1022 sanctus.
3413 956 3482 1022 Si
3510 960 3733 1023 autem
3766 959 3850 1022 si-

2317 1082 2450 1146 gna
2474 1064 2793 1130 virtutum
2817 1062 3008 1145 signa
3031 1061 3310 1147 Spiritus
3339 1065 3545 1130 sancti
3569 1065 3849 1143 habetis,

2311 1173 2466 1236 tunc
2492 1187 2900 1255 nequaquam
2944 1170 3134 1253 signo
3176 1171 3556 1237 humilitatis
3602 1172 3849 1238 caretis.

2315 1276 2663 1361 Gregorius
2687 1276 2712 1313 ⁸
2743 1295 2760 1339 z
2785 1300 2818 1338 α
2843 1275 3021 1342 Mens
3046 1296 3194 1362 quae
3223 1278 3444 1345 divino
3470 1278 3716 1363 Spiritu
3739 1281 3853 1345 im·

2311 1385 2548 1470 pletur,
2578 1385 2770 1451 habet
2792 1385 3262 1452 evidentissime
3298 1387 3490 1468 signa
3514 1405 3635 1452 sua
3649 1435 3669 1469 ‚
3717 1387 3849 1451 vir-

2312 1495 2486 1558 tutes
2504 1493 2775 1573 scilicet,
2803 1491 3231 1557 humilitatem
3260 1494 3326 1557 et
3351 1491 3726 1558 charitatem
3744 1494 3815 1577 (e)
3830 1540 3849 1573 ‚

2314 1618 2460 1683 quae
2492 1599 2548 1664 si
2577 1603 2853 1684 utraque
2892 1617 3023 1663 una
3068 1602 3282 1664 mente
3315 1598 3589 1681 perfecte
3613 1616 3851 1666 conve-

2315 1706 2526 1773 nerint
2547 1753 2564 1785 ‚
2602 1706 2805 1790 liquet
2846 1706 3018 1790 quod
3076 1705 3155 1771 de
3195 1706 3537 1788 praesentia
3578 1705 3854 1789 Spiritus

2314 1815 2514 1880 sancti
2540 1811 2976 1879 testimonium
3003 1812 3242 1878 ferunt.
3283 1833 3315 1873 n

2858 1991 3149 2063 SERMO
3191 1992 3307 2062 III.

2393 2134 2602 2204 Nolite
2619 2137 2996 2206 contristare
3015 2135 3334 2221 Spiritum
3351 2141 3707 2216 sanctum&
3726 2138 3848 2200 etc.

2312 2243 2543 2310 Contra
2608 2244 2912 2329 praedicta
2978 2251 3255 2329 quatuor
3322 2245 3511 2326 signa
3577 2243 3852 2328 Spiritus

2311 2352 2513 2416 sancti
2538 2351 2983 2434 significantur
3008 2350 3296 2435 perversi
3339 2356 3617 2435 quatuor
3643 2351 3850 2433 signis

2308 2459 2573 2541 spiritus
2598 2459 2870 2542 maligni
2901 2482 2918 2525 z
2949 2460 3153 2550 signis
3173 2458 3397 2542 utique
3421 2457 3812 2523 infidelitatis
3827 2505 3846 2540 ‚

2310 2567 2725 2647 carnalitatis,
2778 2566 3135 2651 cupiditatis
3156 2616 3175 2644 ‚
3224 2565 3592 2632 dolositatis.
3635 2565 3850 2635 Nolite

2309 2689 2456 2756 erqo
2497 2676 2881 2742 contristare
2916 2674 3237 2757 Spiritum
3278 2673 3436 2753 Dei,
3469 2675 3547 2740 in
3582 2690 3708 2756 quo
3747 2675 3852 2741 si-

2310 2782 2499 2863 quati
2523 2784 2679 2850 estis
2702 2827 2721 2859 ,
2749 2784 2827 2847 ut
2851 2799 2971 2865 pro
2996 2782 3190 2863 signo
3214 2779 3491 2863 Spiritus
3516 2781 3717 2846 sancti
3741 2799 3852 2846 ac-

2310 2888 2553 2971 cipiatis
2596 2889 2863 2971 signum
2891 2889 3154 2972 spiritus
3176 2886 3488 2970 maligni;
3518 2906 3635 2972 pro
3659 2889 3850 2971 signo

2308 2995 2656 3077 fidelitatis,
2696 2995 2966 3078 signum
3009 2994 3417 3075 infidelitatis,
3462 2994 3544 3061 de
3585 3013 3717 3080 quo
3761 2996 3847 3059 ¹⁰:

2318 3123 2351 3163 a
2373 3101 2473 3169 Ad
2499 3120 2692 3169 omne
2718 3106 2908 3186 caput
2923 3101 3048 3170 viae
3072 3101 3398 3167 aedificasti
3420 3100 3688 3184 signum
3707 3118 3848 3185 pro-

2309 3210 2657 3276 stitutionis
2680 3214 2835 3276 tuae.
2865 3230 2897 3270 υ
2932 3208 3052 3274 Ani
3060 3227 3167 3273 ma
3188 3209 3614 3294 promituitur,
3641 3228 3850 3293 quan-

2308 3318 2391 3384 do
2415 3318 2576 3386 dolis
2599 3318 2704 3386 vel
2727 3319 3056 3400 erroribus
3085 3318 3524 3402 corrumpitur
3548 3340 3564 3383 :
3593 3317 3717 3384 hoc
3740 3337 3852 3385 au·

2306 3428 2438 3490 tem
2483 3427 2749 3509 signum
2807 3426 2889 3492 ad
2932 3444 3125 3491 omne
3167 3430 3357 3509 caput
3399 3426 3525 3493 vise
3565 3426 3845 3509 ponitur,

2308 3533 2564 3615 quando
2589 3551 2769 3599 error
2792 3533 2936 3599 talis
2961 3533 3344 3616 publicatur.

2390 3640 2549 3707 Item
2592 3642 2730 3707 noli
2777 3640 3148 3706 contristare
3189 3640 3505 3724 Spiritum
3555 3643 3850 3705 sanctum

2309 3747 2422 3815 Dei
2459 3750 2822 3834 accipiendo
2869 3768 2987 3833 pro
3045 3749 3234 3831 signo
3271 3748 3707 3829 religiositatis
3759 3748 3847 3811 si-

2311 3870 2521 3934 gnum
2563 3853 2947 3918 carnalitatis
2966 3899 2982 3931 ,
3014 3852 3135 3936 vell
3151 3852 3461 3932 levitatis,
3489 3850 3569 3916 de
3594 3868 3725 3934 quo
3749 3852 3794 3888 ¹¹
3828 3873 3845 3917 :

2316 3981 2349 4021 α
2372 3959 2572 4026 Nemo
2597 3965 2887 4027 vestrum
2930 3978 3120 4026 exors
3149 3961 3231 4024 sit
3265 3958 3546 4025 luxuriae
3570 3962 3806 4024 nostrae
3821 4006 3842 4037 ,

2306 4072 2547 4155 ubique
2572 4072 3013 4155 relinquamus
3038 4073 3229 4153 signa
3253 4071 3496 4137 laetitiae
3517 4073 3780 4136 nostrae.
3807 4091 3840 4130 n

2306 4178 2449 4244 Heu
2471 4186 2487 4243 1
2516 4196 2714 4263 quam
2742 4178 3105 4245 miserabile
3121 4179 3396 4245 verbum
3424 4177 3844 4243 carnalitatis!

2315 4287 2549 4371 Ubique
2571 4334 2591 4368 ‚
2620 4285 2870 4367 dictmt,
2900 4286 3341 4370 relinquamus
3381 4288 3575 4369 siqua
3601 4307 3627 4351 .·
3664 4285 3850 4369 quasi

2304 4395 2491 4477 signa
2555 4393 2977 4477 relinquunt,
3051 4410 3460 4477 quocumque
3523 4393 3844 4459 venerint.

2303 4497 2582 4565 Tantum
2605 4499 2728 4564 boc
2752 4499 3004 4564 utinam
3022 4499 3104 4565 ab
3127 4500 3371 4579 amicis,
3401 4502 3467 4565 et
3490 4517 3623 4564 non
3652 4498 3849 4564 etiam

2301 4605 2578 4670 inimicis
2592 4605 3044 4690 perciperetur,
3075 4605 3315 4689 ubique
3341 4605 3431 4688 (r)
3458 4605 3527 4669 in
3563 4604 3804 4670 mundo
3820 4653 3843 4685 ,

2303 4713 2412 4778 sed
2436 4729 2768 4797 nunquam
2791 4713 2861 4778 in
2887 4711 3070 4778 coelo.
3102 4711 3534 4796 Hieronymus
3555 4712 3605 4748 ¹²
3636 4734 3698 4777 z«
3713 4710 3844 4775 Dif-

2302 4820 2468 4885 ficile
2493 4823 2629 4901 est,
2674 4819 2810 4885 imo
2843 4818 3235 4903 impossibile
3254 4867 3273 4901 ‚
3310 4822 3384 4885 ut
3415 4817 3847 4903 praesentibus

2301 4927 2449 5011 quis
2481 4930 2547 4992 et
2591 4928 2829 4993 futuris
2877 4928 3129 4992 fruatur
3171 4927 3361 4993 bonis
3394 4948 3411 4992 ε
3441 4930 3515 4992 ut
3541 4926 3647 4991 hic
3677 4941 3846 4990 ven-

2299 5037 2465 5099 trem
2492 5082 2513 5116 ,
2555 5033 2650 5098 ibi
2701 5035 2981 5100 mentem
3025 5034 3336 5118 impleat:
3366 5038 3441 5101 ut
3482 5035 3563 5101 de
3604 5034 3847 5100 deliciis

2299 5145 2581 5207 transeat
2623 5141 2707 5207 ad
2746 5141 3051 5207 delicias:
3080 5141 3254 5207 utin
3291 5148 3567 5227 utroque
3608 5141 3847 5208 saeculo

2364 5269 2433 5335 (α)
2464 5267 2591 5320 Coet.
2612 5267 2736 5320 edit.
2760 5269 2919 5320 bono.
2941 5294 3004 5308 —
3023 5267 3090 5335 (b)
3110 5271 3235 5321 Item
3254 5271 3381 5321 lma.
3406 5267 3697 5335 —(e)1tem
3717 5281 3847 5333 pra-

2298 5339 2582 5405 paratio.—
2610 5340 2692 5407 (d)
2732 5340 2879 5405 Vulq.
2903 5340 3187 5393 dimitte.-—
3204 5342 3272 5408 (e)
3297 5340 3445 5408 Apud
3477 5341 3631 5405 Greq.
3649 5353 3746 5390 non
3775 5338 3849 5389 Ie·-

2298 5412 2440 5477 qitur
2457 5414 2509 5462 et
2525 5411 2847 5477 charitatem,
2865 5411 2955 5463 sed
2984 5415 3177 5464 taam
3202 5414 3447 5465 virtutem
3469 5412 3662 5464 seilicet
3687 5409 3849 5463 ethu-

2297 5483 2582 5550 militntem,
2600 5485 2798 5550 δύναμις
2813 5487 2897 5538 καὶ
2913 5485 3415 5555 mamm-*-
3426 5487 3503 5552 (f)
3517 5484 3634 5550 1ae9.
3649 5482 3851 5549 utique.
