4059 6317
680 544 799 607 ⁴70

676 675 744 740 in
760 674 1068 741 hodierno
1085 673 1446 755 evangelio,
1467 692 1652 739 exem
1658 674 1763 758 plo
1784 673 2213 740 multitudinis

677 783 998 849 Christum
1041 782 1369 864 sequentis
1406 800 1520 865 per
1556 782 1910 861 desertum,
1955 785 2214 866 propter

676 889 864 970 signa
886 887 1194 963 sanitatis,
1215 905 1363 969 quae
1380 887 1685 952 videbant
1711 906 1905 972 super
1921 889 2215 952 infirmos

677 996 820 1060 fieri
879 993 1309 1076 corporaliter,
1357 995 1790 1059 informantur
1824 1012 2048 1059 omnes
2087 995 2217 1077 spi-

678 1103 988 1170 ritualiter
1020 1101 1264 1166 inflrmi
1291 1101 1473 1184 sequi
1502 1102 1825 1167 Christum
1854 1121 1970 1186 per
1994 1105 2213 1169 deser-

677 1217 822 1277 tum
858 1210 1213 1293 asperitatis
1237 1214 1301 1274 et
1329 1210 1739 1291 poenitentiae,
1768 1214 1843 1274 ut
1866 1211 1948 1274 ab
1989 1227 2217 1274 eorum

678 1318 1154 1385 infirmitatibus
1179 1316 1551 1382 liberentur.
1586 1316 1711 1382 Sed
1738 1318 1890 1401 quia
1914 1319 2098 1401 prius
2122 1324 2218 1381 est

680 1428 761 1492 ad
790 1427 1111 1491 medicum
1149 1442 1500 1502 recurrere,
1534 1425 1761 1491 deinde
1791 1427 2090 1491 morbum
2122 1445 2217 1490 os-

679 1534 959 1613 tendere,
991 1536 1055 1598 et
1068 1537 1285 1616 postea
1312 1535 1707 1598 curationem
1729 1534 2011 1616 recipere
2039 1532 2218 1598 :ideo

682 1640 763 1705 ad
784 1640 929 1716 hoc,
957 1644 1033 1704 ut
1066 1639 1352 1704 ordinate
1397 1641 1837 1722 procedamuS,
1878 1658 2220 1723 possumus

682 1748 890 1813 dicere
935 1747 1105 1829 quod
1148 1748 1216 1811 in
1264 1747 1478 1812 verbis
1533 1749 1668 1812 istis
1710 1749 1920 1832 primo
1958 1752 2217 1813 notatur

675 1854 944 1939 justitiae
986 1857 1049 1919 et
1100 1854 1448 1919 sanctitatis
1504 1855 1851 1935 inchoati03
1900 1855 2178 1920 secundo
2193 1904 2210 1936 ,

682 1962 986 2027 humanae
1023 1961 1398 2027 calamitatis
1436 1964 1821 2045 designati03
1867 1966 2077 2042 tertio,
2120 1964 2216 2028 di-

683 2071 855 2136 vinae
881 2069 1182 2135 bonitatis
1204 2072 1502 2136 ostensio.
1533 2071 1749 2136 Primo
1775 2089 1933 2154 ergo
1964 2076 2222 2136 notatur

675 2178 945 2262 justitiae
977 2183 1041 2243 et
1067 2178 1414 2243 sanctitatis
1459 2180 1802 2259 inchoatio,
1842 2197 1992 2244 cum
2019 2179 2168 2244 dicit
2198 2200 2214 2243 ι

684 2286 1069 2369 Sequebatur
1095 2303 1239 2352 eum
1255 2286 1597 2354 multitudo
1624 2302 1897 2369 maon&
1917 2286 2215 2365 secundo,

682 2393 985 2459 humanae
1016 2393 1392 2458 calamitatis
1427 2395 1808 2477 designatio,
1838 2412 1985 2458 cum
2014 2392 2167 2457 dicit
2195 2415 2211 2458 :

683 2500 893 2584 Super
915 2501 1041 2579 his,
1073 2503 1189 2584 qut·
1203 2503 1737 2584 infirmabantur,-
1754 2503 1960 2582 tertio,
1982 2502 2221 2568 divinae

680 2608 975 2673 bonitatis
998 2610 1297 2687 ostensio,
1328 2628 1477 2674 cum
1506 2611 1819 2675 subinfert
1848 2628 1866 2674 τ
1915 2609 2091 2690 Quia
2114 2610 2219 2676 vi-

681 2714 912 2781 debant
936 2717 1127 2798 siqua
1154 2731 1295 2799 quoe
1319 2716 1616 2796 faciebat.

760 2821 918 2897 Dicit
965 2840 1122 2904 ergo
1177 2842 1195 2886 z
1243 2822 1628 2905 Sequebatur
1675 2838 1819 2888 eum
1873 2821 2219 2889 multitudo

682 2945 919 3012 maqna
959 2951 975 2992 z
1022 2929 1132 2992 ubi
1177 2933 1434 2994 notatur
1457 2928 1722 3011 Justitiae
1770 2933 1835 2993 et
1874 2930 2219 2993 sanctitatis

679 3036 1020 3100 inchoatio.
1051 3035 1161 3100 Ille
1185 3036 1357 3100 enim
1385 3040 1481 3099 est
1511 3054 1702 3100 verus
1732 3036 2057 3102 inchoator
2072 3039 2215 3120 jus-

679 3142 837 3207 titiae
864 3146 927 3206 et
971 3142 1336 3222 sanctitatis,
1383 3143 1498 3224 qui
1531 3140 1853 3207 Christum
1901 3143 2215 3226 sequitur,

679 3254 889 3337 primo
915 3254 983 3318 in
1004 3253 1365 3320 voluntaria
1390 3252 1785 3336 despectione
1813 3259 2084 3321 terrenae
2111 3276 2218 3320 cu-

679 3361 993 3444 piditatis,
1044 3361 1323 3425 secundo
1366 3361 1436 3425 in
1484 3378 1640 3426 vera
1685 3361 2034 3445 dejectione
2069 3380 2216 3445 pro·

679 3470 893 3535 fundae
931 3469 1331 3549 humilitatiS,
1359 3471 1544 3534 tertio
1576 3471 1643 3533 in
1673 3470 1979 3534 continua
2016 3489 2220 3536 mace-

681 3577 923 3642 ratione
950 3578 1223 3660 propriae
1260 3577 1490 3642 carnis.
1525 3577 1741 3642 Primo
1775 3577 1879 3642 ille
1905 3582 1999 3642 est
2025 3596 2220 3643 verus

682 3685 1013 3751 inchoator
1024 3685 1287 3766 justitiae
1302 3688 1365 3749 et
1382 3685 1752 3765 sanctitatiS,
1770 3686 1881 3768 qui
1900 3684 2218 3749 Christum

683 3787 972 3871 sequitur
1001 3788 1069 3851 in
1105 3788 1469 3852 voluntaria
1506 3788 1903 3871 despectione
1947 3792 2220 3853 terrenae

683 3899 1069 3982 cupiditatis;
1100 3900 1271 3963 unde
1296 3899 1527 3964 dicitur
1552 3900 1571 3935 ¹
1608 3918 1625 3963 ε
1654 3922 1685 3961 α
1720 3900 1891 3964 Dixit
1916 3899 2218 3982 quidam:

683 4005 927 4088 Sequar
950 4009 1011 4069 ie
1038 4023 1448 4090 quocumque
1472 4007 1645 4071 ieris.
1664 4007 1743 4071 Et
1765 4008 1853 4071 ait
1877 4007 1968 4070 illi
1994 4006 2217 4072 Jesus:

682 4113 916 4196 Vulpes
928 4114 1144 4177 foveas
1163 4112 1421 4195 hahent,
1443 4119 1506 4178 et
1525 4114 1818 4179 volucres
1834 4115 1976 4178 coeli
2001 4115 2215 4193 nidos;

682 4220 885 4285 Filius
911 4224 1129 4284 autem
1166 4221 1445 4285 hominis
1486 4241 1615 4286 non
1654 4222 1846 4286 habet
1889 4223 1999 4287 ubi
2034 4229 2226 4307 caput

682 4346 876 4393 suum
933 4326 1215 4392 reclinet.
1262 4350 1291 4386 n
1346 4326 1505 4404 Quia
1536 4329 1673 4392 ‘iste
1732 4328 1987 4393 volebat
2042 4330 2224 4412 sequi

684 4434 1003 4499 Christum
1030 4434 1111 4498 ad
1146 4432 1269 4498 hoc
1307 4437 1384 4497 ut
1422 4434 1733 4499 ditaretur
1763 4440 1828 4501 et
1871 4436 2219 4503 honorare-

683 4545 811 4622 tur,
847 4559 997 4605 eum
1036 4540 1287 4605 vocavit
1328 4539 1637 4604 Dominus
1680 4542 1943 4624 vulpem
1979 4543 2219 4609 haben-

682 4654 813 4714 tem
844 4654 1164 4714 terrenam
1209 4649 1458 4713 foveam
1486 4649 1883 4732 cupiditatis,
1931 4654 1996 4716 et
2037 4653 2221 4718 volu-

685 4774 856 4821 crem
893 4756 1232 4820 habentem
1275 4773 1536 4820 aereum
1579 4756 1805 4822 nidum
1851 4777 2040 4824 vanae
2079 4760 2221 4842 glo-

683 4864 821 4944 riae,
854 4868 918 4927 et
953 4862 1315 4927 ambitionis
1347 4885 1361 4925 :
1395 4868 1652 4946 propter
1679 4863 1800 4928 hoc
1822 4883 1953 4930 non
1978 4871 2224 4948 poterat

685 4971 864 5054 sequi
892 4968 1233 5050 Christum,
1262 4970 1371 5052 qui
1391 4975 1528 5034 erat
1545 4972 1995 5053 pauperrimus
2022 4978 2085 5038 et
2105 4973 2224 5040 hu-

688 5078 1016 5142 millimus
1047 5075 1224 5141 Unde
1250 5076 1328 5140 de
1353 5076 1536 5141 beato
1576 5076 1872 5143 Matthaeo
1897 5081 1959 5143 ²:
2000 5080 2226 5147 «Vidit

684 5183 1012 5250 hominem
1058 5183 1382 5247 sedentem
1434 5183 1501 5246 in
1526 5181 1794 5267 teloneo,
1847 5185 2224 5254 Mattbaeum

754 5369 769 5402 ¹
800 5369 959 5431 Joan„
987 5379 1060 5432 lx,
1089 5368 1257 5418 57-58.
1280 5393 1342 5405 —
1363 5366 1386 5400 ²
1421 5367 1627 5428 Manli„
1645 5379 1720 5431 ιε,
1756 5371 1805 5421 9.
1823 5395 1886 5408 -
1905 5372 1929 5407 ⁸
1952 5372 2089 5425 Psal.
2117 5386 2223 5440 m,

691 5443 768 5489 n.
799 5464 859 5476 —
889 5440 910 5473 δ
942 5439 1096 5501 Gen„
1132 5450 1333 5502 xxxin,
1382 5440 1458 5491 Η.
1489 5464 1544 5476 -
1574 5439 1597 5476 ⁸
1626 5439 1783 5491 Bccli.
1803 5481 1817 5503 ,
1848 5453 1999 5509 xxm,
2045 5448 2123 5498 38.
2166 5476 2223 5487 —

689 5511 711 5546 ⁶
736 5509 939 5572 natta..
972 5520 1037 5573 x,
1061 5513 1142 5573 38,
1171 5513 1250 5562 39.

1765 537 2185 606 SERMONES
2225 537 2329 604 DE
2369 537 2769 606 TEMPORE.

2322 674 2613 754 nomine;
2645 678 2709 740 et
2735 674 2823 740 ait
2850 675 2943 740 illi
2965 697 2982 741 t
3014 675 3294 760 Sequere
3322 696 3447 743 me.
3479 678 3557 743 Et
3582 698 3849 762 surgens

2321 785 2580 846 secutus
2633 789 2728 847 est
2773 801 2948 849 eum.
2996 805 3026 843 n
3079 782 3307 850 Beatus
3356 785 3690 852 Matthaeus
3740 807 3851 872 pro

2320 891 2494 953 statu
2520 908 2638 955 suo
2664 889 2916 971 signare
2950 896 3154 973 potaet
3185 890 3514 958 hominem
3547 914 3813 960 avarum
3832 944 3851 976 ,

2323 997 2437 1079 qui
2462 997 2633 1062 sedet
2659 998 2728 1061 in
2752 998 3000 1064 teloneo
3026 1004 3296 1065 terrenae
3332 1002 3723 1085 cupiditatis;
3754 1005 3857 1069 cui

2322 1104 2556 1171 dicitur
2582 1123 2622 1169 a
2644 1105 2890 1171 Christo
2922 1125 2940 1170 ε
2972 1106 3251 1190 Sequere
3268 1126 3369 1173 me
3389 1127 3501 1191 per
3520 1111 3860 1193 despectio-

2323 1230 2474 1275 nem
2487 1217 2757 1277 terrenae
2766 1213 3125 1295 cupiditatis
3143 1236 3159 1292 ;
3182 1219 3243 1279 et
3257 1232 3533 1297 surgens
3547 1236 3584 1279 a
3596 1215 3861 1299 pulvere

2323 1318 2713 1401 cupiditatis,
2747 1322 3002 1385 secutus
3030 1325 3124 1385 est
3160 1340 3311 1385 eum
3344 1340 3459 1404 per
3489 1323 3859 1406 amplexum

2324 1426 2736 1492 sanctissimae
2754 1430 3141 1510 paupertatis
3160 1430 3229 1494 in
3255 1429 3504 1509 affectu,
3531 1431 3759 1496 sivein
3776 1434 3861 1497 et*-

2323 1533 2512 1610 fectu,
2545 1534 2892 1599 secundum
2920 1535 3074 1601 illud
3094 1535 3442 1601 Psalmistae
3468 1542 3491 1579 ⁸
3520 1561 3535 1601 ε
3564 1562 3594 1598 «
3614 1538 3862 1604 Divitiae

2326 1638 2377 1702 si
2404 1639 2699 1719 affluant,
2730 1640 2923 1705 nolite
2957 1660 3069 1706 cor
3111 1660 3453 1726 apponere.
3495 1668 3525 1704 n
3572 1645 3864 1712 Secundo

2328 1746 2434 1812 ille
2459 1752 2556 1813 est
2570 1767 2764 1816 verus
2782 1750 3110 1815 inchoator
3117 1752 3387 1835 justitiae
3407 1759 3472 1818 et
3488 1753 3859 1834 sanctitatis,

2329 1856 2444 1938 qui
2497 1856 2788 1938 sequitur
2825 1856 3144 1923 Christum
3193 1860 3264 1923 in
3305 1878 3461 1925 vera
3517 1862 3869 1944 dejectione

2327 1962 2659 2043 profundae
2685 1962 3083 2029 humilitatis
3128 1965 3206 2030 Et
3244 1967 3323 2031 de
3362 1966 3486 2031 hoc
3520 1970 3729 2049 potest
3767 1967 3868 2031 in-

2327 2068 2535 2150 telligi
2576 2070 2850 2134 verbum
2893 2070 3086 2136 Jacob
3109 2072 3131 2108 ⁸
3163 2092 3180 2137 ε
3220 2096 3249 2134 α
3280 2072 3601 2139 Praecedat
3647 2074 3863 2140 Domi·

2328 2193 2456 2239 nus
2493 2195 2676 2241 meus
2702 2182 2848 2242 ante
2863 2197 3121 2243 servum
3145 2198 3362 2259 suum,
3396 2185 3459 2246 et
3486 2199 3613 2263 ego
3632 2200 3873 2265 sequar

2330 2283 2610 2365 vestigia
2642 2286 2809 2366 eJus.
2843 2307 2872 2344 i)
2898 2284 3178 2351 Verbum
3203 2286 3359 2351 illud
3380 2286 3595 2366 Jacob,
3628 2288 3748 2371 qui
3777 2289 3871 2352 in-

2328 2394 2717 2472 terpretatur
2754 2393 3233 2474 supplantator,
3283 2398 3487 2477 potest
3527 2412 3667 2459 esse
3716 2414 3873 2459 ver-

2329 2496 2485 2561 bum
2507 2498 2848 2581 quuslihet
2874 2499 3136 2564 humilis
3163 2501 3626 2584 supplantantis
3647 2500 3877 2568 diabo-

2327 2603 2464 2667 lum
2493 2622 2608 2686 per
2634 2605 3083 2684 humilitatem,
3114 2608 3376 2672 dicentis
3400 2608 3480 2673 ad
3508 2608 3874 2675 Christum:

2327 2708 2647 2775 Praecedat
2686 2711 2993 2777 Dominus
3041 2731 3225 2778 meus
3274 2733 3388 2797 per
3437 2716 3876 2781 voluntariam

2328 2818 2750 2900 abjectionem
2789 2820 3124 2903 profundae
3175 2822 3588 2902 humilitatis,
3634 2828 3699 2887 et
3750 2842 3879 2906 ego

2326 2945 2551 2992 servus
2587 2932 2740 2992 tuus
2778 2945 3011 3011 sequar
3058 2946 3206 2992 cum
3251 2929 3479 2993 timore
3516 2931 3730 2994 filialis
3771 2950 3874 2997 re·

2327 3035 2631 3102 verentiae
2672 3036 2948 3118 vestigia
2982 3041 3094 3101 tua
3141 3055 3158 3100 ι
3205 3037 3512 3119 vestigia,
3565 3039 3877 3122 inquam,

2327 3161 2458 3208 non
2482 3143 2883 3208 sublimitatis
2921 3143 3219 3225 potentiae
3242 3191 3259 3220 ,
3303 3145 3458 3227 quia
3507 3163 3878 3230 praesump·

2327 3248 2581 3315 tuosum
2628 3255 2744 3328 est,
2797 3268 2873 3315 eo
2918 3250 3088 3334 quod
3132 3254 3286 3315 sunt
3331 3251 3658 3317 adoranda
3676 3301 3698 3334 ,
3750 3273 3882 3320 nou

2325 3358 2670 3435 imitanda;
2700 3376 2829 3423 non
2858 3358 3303 3440 profunditatis
3336 3359 3690 3441 sapientiae,
3728 3363 3884 3444 quia

2326 3465 2684 3544 curiosum,
2720 3467 3024 3549 quoniam
3064 3484 3196 3530 non
3224 3471 3377 3531 sunt
3420 3470 3771 3536 scrutanda
3818 3476 3885 3536 et

2328 3571 2653 3653 imitanda,
2688 3573 2796 3637 sed
2826 3571 3197 3637 admiranda
3229 3594 3244 3636 :
3277 3574 3386 3637 sed
3420 3575 3697 3657 vestigia
3725 3596 3880 3660 pro·

2328 3678 2543 3744 tundae
2572 3678 2984 3760 humilitatiS,
3019 3680 3170 3761 quia
3215 3680 3576 3761 gloriosum
3617 3688 3715 3747 est
3735 3733 3753 3762 ,
3800 3703 3882 3750 eo

2328 3786 2497 3869 quod
2524 3788 2593 3849 in
2621 3786 2856 3851 talibus
2881 3788 2904 3823 ⁸
2932 3791 3025 3851 est
3062 3786 3270 3869 gloria
3306 3805 3548 3869 magna
3579 3790 3661 3872 (α)
3694 3791 3883 3874 sequi

2329 3892 2552 3957 Deum.
2606 3893 2817 3958 Tertio
2849 3894 2953 3959 ille
2980 3899 3074 3959 est
3102 3913 3300 3960 verus
3324 3896 3657 3961 inchoator
3676 3899 3880 3980 justi-

2329 4001 2436 4065 tiae
2476 4006 2541 4065 et
2566 4002 2938 4081 sanctitatis,
2975 4002 3087 4085 qui
3118 4001 3440 4068 Christum
3474 3998 3768 4087 ‘sequitur
3806 4007 3884 4071 in

2330 4109 2635 4174 continua
2660 4110 3079 4174 maceratione
3108 4112 3384 4193 propriae
3414 4113 3655 4190 carnis;
3702 4114 3883 4178 unde

2330 4215 2561 4281 dicitur
2579 4215 2602 4251 ⁸
2629 4239 2646 4281 ι
2688 4240 2717 4277 «
2746 4215 2868 4293 Qui
2889 4235 3017 4281 non
3043 4217 3269 4300 accipit
3295 4236 3546 4283 crucem
3571 4238 3781 4300 suam,
3808 4225 3884 4285 et

2329 4324 2621 4407 sequitur
2645 4343 2770 4404 me,
2793 4343 2924 4390 non
2951 4329 3047 4390 est
3062 4343 3165 4390 me
3187 4325 3450 4407 dignus
3475 4326 3596 4404 Qui
3623 4327 3884 4393 invenit

2332 4432 2616 4497 animam
2646 4451 2852 4510 suam,
2872 4434 3086 4516 perdet
3113 4451 3285 4512 eam;
3317 4434 3502 4515 etqui
3532 4434 3883 4516 perdiderit

2331 4541 2614 4605 animam
2655 4559 2841 4605 suam
2868 4544 3125 4623 propter
3157 4559 3283 4621 me,
3316 4542 3601 4607 inveniet
3628 4561 3794 4606 eam.
3841 4567 3875 4603 υ

2332 4648 2491 4713 Ecce
2519 4649 2689 4731 quod
2733 4648 3014 4714 Christus
3042 4647 3175 4712 Rex
3218 4667 3454 4730 regum
3499 4649 3721 4714 statuit
3762 4649 3883 4714 de·

2332 4760 2605 4831 cretum,
2633 4756 2803 4838 quod
2829 4755 3050 4820 nullus
3074 4756 3273 4838 possit
3297 4774 3451 4820 eum
3479 4757 3715 4836 videre,
3749 4757 3883 4823 nisi

2333 4862 2416 4926 sit
2462 4880 2679 4926 secum
2718 4863 3082 4927 crucifixus
3125 4861 3204 4926 Et
3246 4862 3368 4928 hoc
3405 4863 3735 4928 decretum
3780 4869 3887 4929 est

2333 4971 2530 5033 tantae
2576 4969 3005 5050 generalitatis
3024 5017 3045 5048 ,
3099 4973 3173 5033 ut
3224 4969 3441 5034 nullus
3483 4970 3879 5052 excipiatur3

2331 5079 2530 5140 tantae
2557 5079 2772 5140 autem
2801 5074 3215 5155 necessitatiS,
3268 5080 3338 5140 ut
3367 5094 3513 5140 cum
3543 5076 3723 5140 nullo
3754 5075 3884 5141 dis-

2333 5187 2655 5266 pensetur.
2688 5182 2811 5248 Sed
2838 5183 3105 5267 quilibet
3128 5187 3383 5249 tenetur
3408 5184 3692 5266 accipere
3720 5201 3883 5249 cru-

2332 5308 2472 5355 cem
2518 5290 3023 5355 mortiflcationis
3076 5290 3143 5354 in
3186 5308 3305 5355 suo
3355 5307 3619 5373 corpore
3638 5339 3656 5368 ,
3703 5293 3778 5354 ut
3817 5292 3885 5356 et

2332 5398 2468 5464 vita
2507 5397 2762 5463 Domini
2799 5394 2834 5463 J
2836 5414 2953 5461 esu
2989 5397 3059 5462 in
3081 5415 3346 5483 corpore
3374 5416 3493 5464 suo
3522 5415 3636 5481 per
3658 5396 3881 5464 imita-

2402 5522 2473 5588 (τι)
2495 5524 2613 5575 coet.
2641 5522 2766 5577 edit.
2792 5522 3039 5588 magistri.
