4059 6317
641 468 765 535 tm

671 601 910 678 losophi
931 602 1060 676 jam
1085 601 1226 662 dicti
1259 602 1495 662 scholas
1516 603 1776 675 intravit,
1802 602 2053 676 ipsoque
2078 598 2215 674 phi-

671 695 925 771 losopho
953 696 1210 770 legente,
1250 696 1329 755 ad
1371 696 1575 755 sedem
1610 712 1672 754 se
1698 695 1931 770 posuitt
1962 708 2216 766 cumque

669 790 836 848 fieret
874 794 1078 848 contra
1118 806 1258 848 eum
1292 790 1654 849 scholarium
1683 788 1988 857 tumultus,
2016 785 2216 861 philo-

671 884 917 958 sophus,
956 883 1104 942 nihil
1139 889 1357 956 motuS,
1400 883 1622 944 omissa
1659 899 1746 953 re,
1782 882 1858 939 de
1888 896 2008 956 qua
2036 879 2217 937 doce-

671 977 794 1047 bat,
825 977 900 1036 de
921 978 1305 1051 temperantia
1332 977 1511 1052 coepit
1539 976 1726 1050 loqui.
1758 980 2022 1047 Cumque
2049 974 2216 1031 Pole-

672 1087 774 1129 mo
801 1071 986 1129 verba
1021 1072 1149 1144 ejus
1178 1071 1490 1145 diligenter
1515 1070 1778 1141 audiret,
1817 1068 2027 1127 dolore
2054 1084 2219 1126 corn-

670 1167 924 1238 punctus
949 1164 1084 1222 vitae
1110 1181 1251 1236 suoe,
1281 1180 1424 1222 mox
1461 1164 1536 1221 de
1564 1162 1754 1237 capite
1791 1177 2074 1220 coronam
2112 1159 2219 1217 de·

671 1260 892 1333 posuit,
922 1258 1233 1316 brachium
1268 1258 1421 1316 intra
1447 1250 1698 1334 palliu‘m
1723 1256 2220 1328 reduxigomnem

672 1351 1186 1427 intemperantiam
1226 1351 1475 1426 abjecit,
1519 1350 1842 1409 castitatem
1887 1348 2113 1419 induit,
2161 1352 2220 1405 et

670 1449 808 1521 post
845 1445 1234 1521 philosophus
1274 1444 1461 1504 factus
1497 1443 1627 1502 fuit.
1683 1447 1859 1517 Ergo,
1900 1442 1949 1500 si
1988 1444 2219 1499 tantum

672 1539 861 1598 valuit
886 1555 1080 1597 sermo
1114 1538 1330 1613 pagani
1358 1537 1723 1613 philosophi,
1752 1538 2044 1611 quantum
2069 1551 2217 1610 prae-

673 1648 805 1691 sens
830 1632 1053 1691 valebit
1079 1648 1276 1690 sermo
1304 1631 1514 1690 efficax
1542 1633 1697 1689 servi
1732 1630 1833 1689 Dei
1851 1633 1881 1688 ⁴?
1910 1634 2064 1702 Ergo
2090 1644 2218 1686 ma-

675 1743 863 1801 gnum
889 1732 976 1786 est
992 1727 1370 1802 praedicantis
1387 1727 1650 1785 officium
1676 1744 1692 1782 z
1717 1729 1775 1783 et
1794 1724 1934 1782 ideo
1955 1723 2035 1781 ad
2060 1738 2217 1781 com-

673 1821 1117 1879 mandationem
1135 1820 1534 1897 praedicatoris
1552 1818 1819 1888 maximi,
1838 1816 2217 1892 doctorisque

673 1918 999 1993 clarissimi,
1040 1921 1261 1993 optime
1294 1918 1543 1976 dicitur:
1587 1917 1657 1975 Os
1689 1917 1835 1988 ‚iusti
1860 1916 2220 1973 meditabitur

673 2017 1033 2087 sapientiam,
1054 2019 1106 2071 et
1126 2016 1314 2085 linqua
1336 2014 1470 2086 ejus,
1502 2015 1612 2070 etc.
1641 2016 1704 2072 ln
1730 2028 1852 2086 quo
1876 2009 2064 2069 verbo
2106 2010 2217 2068 du·

671 2106 813 2180 plex
850 2111 1086 2165 notatur
1125 2105 1406 2181 perfectio
1438 2124 1453 2164 ε
1483 2122 1607 2164 una
1646 2104 1865 2175 cordis,
1906 2103 2218 2179 perficiens

671 2200 854 2275 intra3
884 2201 1068 2259 altera
1098 2218 1234 2260 vero
1278 2200 1418 2272 oris,
1458 2199 1770 2275 perficiens
1803 2202 1983 2256 extra.
2025 2197 2217 2255 Prima

671 2311 816 2369 ergo
852 2293 1152 2371 perfectio,
1191 2311 1325 2370 quae
1360 2294 1620 2352 consistit
1646 2293 1709 2350 in
1747 2292 1951 2363 corde,
1992 2296 2080 2349 est
2124 2306 2218 2348 sa·

670 2390 904 2463 pientiae
929 2390 1263 2462 meditatim
1293 2386 1558 2446 secunda
1583 2401 1726 2444 vero
1755 2384 2061 2460 perfectio,
2083 2400 2218 2459 quae

672 2482 933 2542 consistit
957 2484 1020 2541 in
1049 2500 1175 2555 ore,
1206 2488 1293 2541 est
1318 2483 1617 2558 sapientias
1641 2482 2001 2556 praedicatio.
2024 2480 2215 2539 Prima

671 2580 756 2636 est
779 2579 1052 2636 secundae
1096 2577 1428 2651 causativa3
1471 2577 1578 2636 sed
1611 2575 1876 2634 secunda
1902 2580 1988 2634 est
2012 2576 2218 2651 primm

603 2698 622 2715 ·
645 2734 648 2737 ,
671 2673 1048 2733 declarativa.
1078 2677 1248 2747 Nam,
1276 2674 1425 2732 sicut
1439 2673 1603 2732 idem
1620 2677 1707 2731 est
1721 2673 1974 2731 verbum
1996 2672 2214 2744 cordis,

672 2770 732 2824 et
756 2766 877 2826 oris
893 2810 912 2842 ,
950 2772 1016 2826 ut
1041 2758 1368 2827 Richardus
1389 2767 1559 2839 dicit;
1589 2766 1674 2824 sic
1698 2769 1757 2824 et
1783 2767 1996 2825 eadem
2022 2769 2110 2824 est
2128 2781 2219 2823 sa·

671 2863 910 2937 pientia,
941 2867 1001 2920 et
1023 2879 1156 2937 quse
1185 2861 1327 2920 latet
1352 2861 1414 2919 in
1441 2861 1645 2934 corde,
1675 2866 1734 2920 et
1770 2877 1902 2936 quse
1928 2860 2216 2934 praedica·

671 2961 767 3015 tur
794 2957 856 3015 in
884 2973 1007 3017 ore.
1037 2958 1151 3017 Sed
1172 2959 1234 3016 in
1256 2957 1436 3017 corde
1460 2961 1546 3017 est
1570 2958 1756 3029 nuda,
1775 2959 1838 3015 in
1864 2973 1968 3015 ore
1993 2956 2216 3015 vestita.

671 3053 801 3109 Vox
826 3051 984 3110 enim
1023 3052 1142 3110 oris
1162 3055 1249 3109 est
1275 3052 1686 3110 vestimentum
1703 3050 1869 3110 vocis
1902 3049 2214 3108 interioria.

672 3143 913 3199 Notatur
937 3157 1080 3214 ergo
1094 3141 1290 3216 primo
1315 3158 1458 3200 vera
1476 3141 1550 3217 (a)
1570 3140 1866 3216 sapientiae
1889 3138 2217 3211 meditatio,

672 3250 810 3293 cum
863 3234 1104 3293 dicitur:
1153 3236 1226 3294 Os
1254 3236 1397 3307 ‚inusti
1449 3236 1803 3293 meditatibur
1849 3236 2217 3307 sapientiam:

674 3328 938 3387 secundo
968 3344 1131 3401 vero,
1161 3328 1461 3402 sapientiae
1485 3328 1847 3403 praedicatio,
1884 3344 2023 3386 cum
2049 3326 2220 3385 addi-

673 3426 806 3480 tur:
838 3424 910 3480 Et
938 3424 1130 3495 linqua
1165 3423 1281 3494 effus
1318 3425 1563 3496 loquetur
1601 3422 1896 3494 jndicium.
1937 3424 2005 3479 Ut
2042 3421 2219 3495 igitur

672 3532 810 3574 cum
845 3518 1090 3574 Doctore
1129 3516 1245 3574 hoc
1271 3515 1600 3574 venerabili
1624 3516 1921 3590 possimus
1965 3531 2091 3574 esse
2119 3530 2216 3572 sa-

670 3609 917 3684 pienteS,
964 3614 1022 3668 et
1056 3611 1236 3668 corde
1279 3608 1648 3680 meditando,
1691 3614 1747 3667 et
1772 3625 1875 3667 ore
1917 3609 2214 3681 docendo,

673 3708 930 3779 quatuor
964 3709 1101 3763 sunt
1126 3704 1458 3762 necessaria
1490 3703 1703 3772 nobis,
1735 3719 1868 3778 quae
1894 3703 2130 3762 fuerunt
2154 3703 2216 3762 in

672 3797 1017 3857 doctoribus
1043 3798 1276 3870 sanctis,
1305 3797 1525 3855 scilicet
1554 3814 1568 3853 ε
1596 3797 1814 3855 domus
1846 3797 2217 3856 conscientias

670 3891 928 3965 perfecta
964 3891 1270 3966 purgatio;
1319 3889 1660 3964 temporalis
1701 3891 2040 3950 substantias
2082 3907 2217 3967 per-

671 3985 821 4044 fecta
872 3985 1126 4043 desertio
1140 4005 1158 4058 3
1209 3983 1579 4043 intellectivoe
1631 3986 1907 4060 potentiae
1960 3985 2218 4060 perfecta

670 4079 1032 4153 humiliat103
1080 4079 1297 4138 divinae
1338 4078 1638 4154 sapientias
1682 4079 1939 4154 perfecta
1972 4079 2221 4154 inquisi-

672 4174 754 4232 tio
788 4193 802 4231 :
845 4178 912 4232 ut
944 4178 1139 4232 mente
1179 4173 1467 4245 mundati,
1507 4189 1544 4231 a
1589 4173 2017 4249 temporalibus
2064 4172 2218 4232 curis

671 4266 948 4325 abstracti
975 4272 1032 4326 et
1053 4267 1132 4324 ad
1151 4282 1261 4324 nos
1282 4267 1526 4338 reversi,
1543 4282 1651 4341 per
1667 4266 2059 4325 humilitatem
2081 4282 2219 4325 con-

673 4359 802 4418 cavi
835 4359 1005 4429 facti,
1036 4360 1204 4419 etsie
1231 4360 1312 4418 ad
1338 4359 1637 4435 sapientiae
1673 4359 1876 4418 lumen
1911 4360 2179 4435 dispositi
2197 4403 2217 4433 ,

670 4470 778 4528 per
803 4469 1070 4513 amorem
1096 4453 1231 4512 facti
1256 4454 1336 4512 ad
1358 4452 1749 4528 quaerendum
1771 4453 2027 4525 solliciti,
2054 4454 2218 4513 dona

671 4547 970 4622 sapientias
995 4547 1318 4621 capiamus.

744 4641 882 4700 Dico
916 4642 1179 4717 primum
1194 4683 1214 4714 ,
1253 4642 1420 4716 quod
1448 4640 1844 4700 necessarium
1879 4640 1958 4699 ad
1985 4641 2216 4699 haben·

671 4737 814 4796 dam
854 4735 1202 4810 sapientiam
1215 4776 1236 4805 ,
1271 4738 1358 4793 est
1402 4734 1619 4793 domus
1665 4734 2036 4793 conscientias
2079 4750 2215 4809 per-

668 4829 818 4889 fecta
851 4830 1127 4905 purgatio
1159 4846 1175 4886 :
1220 4844 1343 4887 non
1387 4828 1547 4886 enim
1591 4826 1772 4885 simul
1806 4844 1931 4885 esse
1965 4831 2217 4902 possunt

669 4924 935 4985 mortalis
952 4922 1149 4997 culpa,
1170 4925 1229 4981 et
1246 4937 1389 4981 vera
1410 4920 1716 4996 sapientia.
1740 4921 1901 4978 Unde
1921 4920 2135 4980 dicitur
2153 4923 2210 4979 ¹:

731 5122 749 5156 ¹
778 5120 916 5185 sap„
954 5131 998 5185 1,
1027 5120 1075 5170 4.
1105 5145 1167 5156 —
1194 5116 1213 5148 ²
1242 5115 1422 5181 Eccli„
1453 5127 1539 5179 111,
1570 5116 1648 5166 32.
1678 5141 1740 5152 —
1767 5114 1786 5145 ⁸
1813 5113 2050 5178 Hieron„
2083 5118 2212 5166 cont.

668 5192 936 5256 laviniam,
968 5190 1058 5242 lib.
1101 5190 1173 5255 n,
1216 5189 1398 5254 Epist,
1441 5190 1564 5237 tom.
1611 5188 1684 5249 ΙΙ,
1719 5187 1818 5238 col.
1849 5201 1920 5238 m.
1953 5189 2124 5238 94-95.
2154 5214 2211 5226 -

669 5264 692 5298 ⁸
735 5264 882 5328 Diog.
932 5263 1123 5326 Luem,
1169 5261 1225 5311 in
1281 5260 1379 5309 vit.
1430 5259 1580 5323 Dioq.
1628 5258 1804 5324 Cynic.
1852 5285 1916 5296 —
1960 5258 1979 5289 ⁸
2023 5259 2212 5325 Laert„

669 5335 761 5386 lib.
801 5337 874 5397 ΙΙ,
899 5334 956 5385 in
995 5334 1095 5385 Vit.
1131 5331 1346 5397 Arutip.
1376 5357 1439 5367 —
1472 5330 1493 5361 ⁸
1527 5329 1762 5395 Hieron„
1800 5331 1855 5380 in
1890 5329 2098 5391 flatile„
2142 5342 2213 5394 ix,

671 5412 724 5458 et
756 5411 886 5459 cont.
921 5406 1191 5467 leviniam,
1227 5402 1317 5456 ubi
1348 5415 1489 5467 sup„
1517 5400 1621 5453 col.
1650 5404 1738 5461 953
1772 5402 1961 5467 Μαι-ιη,
1996 5399 2089 5453 lib.
2124 5402 2212 5467 Vl,

1611 482 1628 501 ·
1656 461 2072 535 SERMONES
2116 460 2217 529 DE
2256 457 2609 528 SANCTIS.
2651 461 2837 531 nil.

2332 617 2362 652 α
2383 600 2447 656 in
2468 599 2829 658 malevolam
2848 600 3110 660 animam
3128 618 3255 662 non
3280 603 3549 663 introibit
3563 602 3877 680 sapientia,

2326 707 2437 749 nec
2458 692 2751 751 habitabit
2770 694 2834 751 in
2856 711 3105 771 corpore
3125 697 3364 756 subdito
3382 699 3662 772 peccatis,
3686 720 3713 753 n
3740 702 3879 757 Pos-

2329 792 2464 844 sunt
2490 787 2650 844 enim
2690 787 2858 862 impii
2886 790 3108 849 habere
3146 792 3519 850 mundanam
3546 794 3875 865 scientiam,

2327 896 2476 953 pure
2505 881 2966 956 speculativam3
2996 885 3103 942 sed
3129 886 3430 944 scientiam
3460 887 3772 961 sapidam,
3796 889 3877 944 si-

2328 978 2427 1031 cut
2454 980 2539 1032 est
2564 977 2885 1049 sapientia,
2915 992 2953 1035 a
2985 994 3174 1052 sapore
3208 980 3291 1036 sic
3334 980 3492 1038 dicta
3511 1023 3532 1052 ,
3559 997 3877 1055 nunquam

2326 1066 2564 1126 habent.
2612 1069 2770 1127 Unde
2788 1110 2807 1140 ‚
2847 1070 2953 1128 etsi
2997 1072 3112 1129 sint
3153 1073 3447 1147 sapientes
3485 1076 3555 1147 (ὁ)
3575 1118 3593 1145 ,
3630 1075 3785 1132 sicut
3822 1080 3880 1133 et

2328 1155 2658 1228 daemones,
2685 1175 2996 1235 nunquam
3032 1165 3233 1221 tamen
3270 1163 3600 1237 sapientes,
3640 1168 3709 1222 ut
3736 1164 3879 1236 ,iusti

2326 1250 2599 1310 homines
2626 1271 2641 1310 ε
2674 1268 2817 1326 ergo
2866 1256 2915 1311 si
2954 1254 3233 1313 volumus
3267 1256 3472 1330 perfici
3514 1256 3579 1314 in
3602 1274 3754 1315 vera
3780 1274 3875 1315 sa-

2328 1347 2570 1420 pientia,
2620 1352 2851 1422 oportet
2896 1365 3007 1407 nos
3050 1350 3326 1408 recedere
3374 1367 3412 1408 a
3459 1351 3659 1427 culpa.
3714 1352 3874 1411 Unde

2329 1442 2542 1503 dicitur
2568 1445 2594 1483 ²
2625 1464 2640 1504 :
2674 1467 2705 1500 α
2734 1446 2975 1522 Sapiens
3000 1464 3105 1506 cor
3130 1453 3188 1506 et
3216 1448 3582 1522 intelligibile
3610 1451 3875 1509 abstine-

2327 1536 2416 1595 bit
2436 1554 2497 1595 se
2525 1555 2559 1596 a
2579 1541 2852 1614 peccatis.
2885 1561 2914 1595 ι
2937 1541 3099 1599 Unde
3126 1541 3415 1613 videmus,
3436 1542 3606 1618 quod
3630 1544 3726 1602 illi
3752 1560 3875 1603 non

2326 1631 2565 1690 fuerunt
2606 1650 2740 1692 vere
2785 1635 3078 1708 sapientes
3092 1678 3113 1707 ,
3159 1636 3265 1693 sed
3311 1635 3453 1694 dicti
3494 1640 3639 1695 sunt
3677 1637 3875 1711 philo·

2326 1728 2519 1801 sophi,
2541 1729 2604 1786 id
2633 1732 2747 1801 est,
2776 1729 3075 1804 sapientiae
3100 1735 3427 1803 amatores,
3454 1738 3521 1790 ut
3546 1733 3785 1808 possint
3811 1734 3874 1807 (c)

2325 1819 2454 1878 fieri
2486 1821 2795 1896 sapientes.
2836 1826 2964 1882 Non
3001 1824 3198 1882 solum
3234 1825 3611 1884 abstinebant
3656 1842 3697 1884 a
3722 1828 3876 1885 vitiis

2329 1913 2728 1990 gravibusque
2768 1917 3058 1990 peccatis,
3097 1917 3205 1975 sed
3231 1918 3308 1976 ab
3335 1920 3617 1977 omnibus
3661 1921 3876 1978 mundi

2325 2007 2680 2067 vanitatibus
2700 2012 2758 2067 et
2784 2011 3255 2085 curiositatibus3
3285 2018 3345 2071 et
3368 2012 3537 2071 multi
3564 2013 3649 2090 (d)
3676 2016 3877 2072 conati

2325 2104 2500 2173 sunt,
2538 2106 2603 2160 ut
2624 2108 2864 2176 possent
2887 2104 3017 2163 fieri
3059 2106 3303 2164 virtuosi
3331 2108 3374 2164 ⁸.
3419 2108 3562 2176 Quis
3598 2124 3876 2183 unquam

2326 2193 2409 2252 sic
2437 2196 2729 2255 mundum
2761 2199 3130 2273 contempsit,
3151 2203 3215 2257 ut
3241 2199 3549 2274 DiogeneS,
3579 2202 3693 2276 qni
3720 2218 3877 2260 nun-

2326 2306 2511 2364 quam
2536 2289 2787 2349 domum
2804 2291 3025 2350 habere
3042 2290 3249 2363 voluit,
3268 2308 3578 2367 nunquam
3596 2294 3876 2367 accipere

2325 2382 2405 2440 ab
2445 2382 2648 2458 aliquo
2693 2384 2922 2460 aliquid
2960 2385 3179 2458 voluit,
3211 2402 3519 2461 nunquam
3557 2385 3877 2446 familiaris

2325 2476 2500 2536 alicui
2524 2476 2636 2535 fuit
2649 2498 2668 2551 ;
2696 2479 2805 2536 sed
2831 2479 3085 2537 ostiatim
3110 2496 3329 2554 panem
3353 2484 3578 2554 petens,
3606 2480 3877 2553 gloriam

2326 2572 2597 2630 omnium
2625 2574 2977 2650 contempsit
3003 2576 3068 2631 ¹⁶?
3117 2579 3175 2632 et
3211 2573 3326 2632 hoc
3366 2578 3611 2649 propter
3656 2576 3877 2633 mundi

2326 2665 2705 2740 sapientiam!
2744 2670 2895 2741 Ergo
2934 2667 3084 2742 quid
3119 2667 3459 2727 faciendum
3497 2668 3681 2728 nobis
3717 2673 3878 2728 efflet

2325 2764 2568 2833 propter
2588 2761 2938 2835 sapientiam
2957 2761 3242 2833 divinam,
3266 2779 3397 2838 quoe
3419 2766 3505 2821 est
3531 2764 3879 2823 secundum

2327 2851 2633 2911 animam?

2397 2947 2730 3005 Secundum
2752 2990 2773 3019 ,
2800 2948 2967 3024 quod
2994 2952 3080 3007 est
3102 2950 3494 3009 necessarium
3522 2950 3603 3008 ad
3632 2952 3880 3026 sapien·

2326 3038 2497 3112 tiam,
2525 3044 2612 3099 est
2643 3042 2962 3100 mundanae
2999 3042 3339 3102 substantiae
3380 3044 3640 3120 perfecta
3667 3045 3879 3105 deser-

2325 3135 2407 3194 tio
2438 3155 2453 3195 :
2484 3152 2609 3196 non
2664 3138 2824 3196 enim
2868 3143 3060 3214 potest
3113 3139 3341 3214 acquiri
3388 3139 3676 3214 sapientia
3729 3156 3880 3198 cum

2324 3232 2595 3304 pecunia.
2626 3232 2793 3290 Unde
2818 3231 3163 3308 Aristippus,
3194 3248 3332 3290 cum
3358 3233 3466 3291 iret
3488 3233 3567 3290 ad
3591 3232 3877 3306 philoso-

2323 3323 2635 3396 phandum
2660 3325 2934 3397 AthenaS‚
2954 3341 3190 3398 aurum,
3216 3325 3383 3402 quod
3408 3327 3684 3401 portavit,
3701 3327 3880 3399 abje-

2325 3416 2403 3473 cit
2432 3416 2493 3475 in
2521 3433 2720 3492 mare,
2761 3417 2965 3477 dicens
2993 3438 3009 3477 :
3042 3438 3073 3473 ι
3095 3418 3347 3477 Pecunia
3387 3423 3444 3476 et
3481 3406 3907 3494 philosophia

2324 3510 2503 3569 simul
2529 3512 2821 3586 possideri
2847 3528 2971 3572 non
2997 3516 3264 3589 possunt.
3289 3512 3485 3585 Abite,
3515 3513 3761 3586 divitiae,
3796 3530 3876 3573 ne

2325 3620 2362 3662 a
2381 3604 2557 3662 vobis
2582 3605 2815 3664 valeam
2835 3606 3111 3682 impediri
3137 3607 3178 3664 ⁸.
3204 3629 3229 3661 ι
3265 3610 3458 3665 Crates
3485 3607 3689 3679 etiam,
3714 3607 3879 3667 alter

2324 3698 2744 3776 philosophus,
2786 3718 3072 3776 magnum
3115 3701 3245 3761 auri
3292 3701 3539 3760 frustum
3575 3702 3875 3776 projecit,

2324 3792 2558 3852 dicens:
2594 3815 2624 3850 a
2651 3793 2816 3853 Abite
2842 3812 3104 3871 pessum,
3127 3796 3299 3855 malfe
3323 3795 3669 3869 cupiditates
3698 3814 3715 3852 :
3753 3812 3879 3870 ego

2322 3903 2432 3945 vos
2456 3887 2864 3962 submergam,
2900 3904 2975 3947 ne
3003 3889 3350 3963 submergar
3376 3905 3415 3947 a
3438 3887 3608 3947 vobis
3636 3890 3681 3946 ⁸.
3710 3910 3749 3944 ι
3784 3891 3878 3951 oh

2321 3980 2477 4039 hanc
2502 3997 2743 4040 causam
2783 3981 2992 4041 beatus
3033 3982 3346 4057 Gregorius
3364 4024 3385 4054 ,
3419 3982 3624 4041 volens
3650 3983 3879 4042 Clu-isti

2324 4089 2449 4132 esse
2470 4073 2885 4150 philosophus,
2912 4092 3049 4134 cum
3068 4081 3217 4135 esset
3242 4092 3318 4133 ex
3333 4075 3636 4134 nobilibus
3661 4083 3877 4151 natus,

2323 4174 2380 4228 et
2407 4172 2558 4227 esset
2586 4169 2939 4243 ditissimus,
2969 4169 3172 4230 omnia
3211 4169 3508 4243 vendidit,
3534 4174 3591 4228 et
3634 4177 3880 4245 septem

2321 4263 2680 4322 monasteria
2721 4264 3083 4336 construxit,
3127 4264 3446 4340 omniaque
3487 4279 3592 4321 sua
3632 4281 3877 4342 paupe·

2320 4354 2487 4413 ribus
2536 4357 2801 4431 erogavit
2823 4358 2864 4412 ⁷.
2910 4357 3141 4417 Sciebat
3175 4358 3335 4416 enim
3376 4357 3724 4434 Apostolum
3780 4360 3882 4418 di·

2320 4449 2474 4508 xisse
2498 4451 2522 4487 ⁸
2552 4468 2567 4507 :
2613 4470 2643 4505 ι(
2681 4451 2791 4510 Ubi
2827 4452 3107 4526 sapiens?
3132 4452 3237 4510 ubi
3272 4452 3512 4511 scriba?
3548 4451 3655 4509 ubi
3680 4451 3883 4528 hujus

2323 4543 2519 4602 saeculi
2547 4545 2952 4621 conquisitor?
2984 4565 3013 4603 a·
3050 4546 3227 4616 Quasi
3253 4546 3470 4605 diceoet
3500 4564 3513 4604 t
3540 4546 3599 4603 Si
3622 4547 3882 4621 sapien·

2320 4638 2409 4694 tes
2444 4638 2656 4696 mundi
2700 4639 2785 4696 sic
2829 4655 3070 4713 sagaces
3107 4644 3245 4698 sunt
3287 4640 3368 4699 ad
3409 4639 3775 4700 lucrandum
3822 4652 3883 4701 et

2320 4731 2752 4806 acquirendum
2776 4732 2953 4804 illud,
2971 4732 3133 4791 unde
3152 4738 3419 4808 pereunt,
3446 4733 3594 4808 quid
3614 4732 3887 4796 deberet

2319 4824 2514 4885 facere
2537 4826 2825 4901 sapientia
2842 4827 3159 4886 christiana
3178 4827 3260 4886 ad
3276 4827 3663 4903 quaerendum
3681 4828 3883 4904 illud,

2323 4920 2489 4995 quod
2515 4925 2601 4979 est
2633 4936 2776 4980 vera
2800 4919 2968 4980 vita?
2994 4922 3133 4991 Quae
3160 4926 3247 4980 est
3286 4922 3648 4997 comparatio
3674 4938 3884 4997 pecu·

2320 5095 2379 5147 in
2409 5095 2499 5146 vit.
2536 5095 2671 5147 Crat.
2707 5096 2887 5161 Theb.;
2927 5096 3110 5149 Suidas
3142 5100 3196 5148 et
3228 5097 3483 5159 AElianus,
3510 5108 3617 5147 var.
3655 5096 3883 5166 histor„

2322 5166 2411 5218 lib.
2454 5168 2540 5218 ΙΙΙ.
2566 5193 2631 5206 -
2661 5168 2684 5204 '¹
2725 5168 2878 5220 Joan.
2914 5169 3079 5234 Diae„
3122 5172 3210 5221 vit.
3243 5168 3416 5235 Gna„
3441 5168 3529 5220 lib.
3559 5170 3610 5234 l,
3635 5182 3688 5220 n.
3720 5173 3778 5221 6.
3810 5198 3883 5210 —

2322 5239 2346 5275 ⁸
2374 5241 2391 5290 Ι
2430 5238 2569 5305 Cor„
2598 5252 2638 5304 1,
2666 5244 2746 5292 20.

2384 5330 2451 5395 (a)
2496 5329 2648 5382 Forte
2683 5329 2782 5396 leq.
2820 5344 2980 5384 vern.
3018 5356 3083 5371 --
3118 5332 3183 5396 (ὁ)
3216 5332 3365 5383 Forte
3391 5331 3494 5399 leq.
3530 5332 3783 5386 scientes.
3815 5361 3885 5376 —

2328 5401 2392 5467 (c)
2420 5403 2544 5453 nem
2569 5405 2798 5467 ponent.
2823 5430 2878 5442 -
2912 5403 2994 5469 (α)
3023 5404 3149 5456 uem
3176 5403 3356 5456 multa.
