4059 6317
720 512 801 573 54
1810 507 2226 574 SERMONES
2269 509 2370 577 DE
2411 511 2805 580 TEMPORE.

721 662 875 710 mus
884 661 1034 710 cum
1060 662 1261 728 puero
1282 644 1490 728 pueri,
1519 643 1585 709 id
1605 645 1701 708 est
1727 642 1877 727 puri
1895 661 1936 708 a
1957 643 2252 726 peccatis,

722 769 918 836 quam
965 750 1311 835 puritatem
1339 771 1456 836 per
1486 751 1849 836 passionem
1893 751 2255 835 purissimae

722 858 931 924 carnis
963 861 1419 944 consequimur
1445 861 1465 897 ¹
1501 881 1518 925 ε
1558 883 1590 922 α
1614 857 1667 923 N
1672 876 1797 924 unc
1822 858 2259 926 reconciliavit

684 949 694 963 ’
721 966 790 1030 in
815 984 1076 1050 corpore
1101 968 1308 1032 carnis
1341 970 1484 1052 ejus
1510 985 1624 1051 per
1654 970 1927 1032 mortem
1954 967 2261 1034 exhibere

722 1091 840 1138 nos
863 1075 1141 1153 sanctos,
1165 1076 1230 1139 et
1253 1074 1694 1140 immaculatos
1709 1121 1732 1153 ‚
1758 1076 1825 1138 et
1851 1074 2262 1157 irreprehen-

722 1179 934 1246 sibiles
959 1197 1176 1246 coram
1201 1180 1362 1265 ipso.
1386 1203 1419 1242 ι)

801 1287 890 1353 De
944 1287 1131 1353 tertio
1180 1290 1205 1324 ¹
1259 1310 1275 1353 ε
1332 1311 1364 1350 c
1414 1288 1539 1367 Qui
1602 1290 1947 1356 manducat
1998 1307 2265 1355 carnem

725 1414 936 1463 meam
951 1445 972 1478 ,
997 1418 1029 1456 ι
1055 1399 1173 1462 etc.
1200 1396 1482 1475 Qualiter
1501 1403 1720 1464 autem
1741 1399 1884 1464 haec
1907 1416 2058 1464 caro
2085 1417 2268 1463 man·

725 1504 1016 1571 ducenda
1071 1504 1200 1581 sit,
1252 1504 1689 1587 significatum
1732 1510 1828 1571 est
1873 1506 1896 1543 ¹
1940 1524 1957 1571 t
1997 1529 2029 1568 α
2063 1505 2269 1572 Edent

727 1626 948 1677 carnes
976 1613 1159 1675 nocte
1185 1610 1295 1674 illa
1320 1628 1492 1676 assas
1516 1612 1678 1695 igni.
1704 1633 1736 1671 ι
1762 1611 2039 1690 Quidam
2060 1630 2267 1678 come·

728 1722 881 1786 dent
903 1736 1125 1785 carnoe
1150 1717 1380 1784 Christi
1397 1718 1647 1799 crudas,
1669 1721 2272 1804 perpraeparationis

728 1826 1214 1910 negligentiam,
1234 1826 1433 1890 crudo
1444 1844 1731 1911 corpore,
1757 1828 1894 1892 sine
1907 1826 2116 1892 debita
2129 1845 2274 1893 con·

730 1933 1108 2000 sideratione
1124 1936 1189 1998 et
1204 1933 1539 2000 devotione
1558 1933 1922 1999 accedentes
1946 1933 2030 2000 ad
2042 1934 2269 2016 altare;

730 2042 993 2126 quidam
1009 2045 1216 2106 coctas
1228 2059 1417 2124 aqua,
1444 2041 1600 2105 dum
1622 2059 1737 2125 per
1755 2041 2156 2107 mundanam
2177 2061 2277 2107 sa-

731 2151 1037 2235 pientiam
1063 2148 1303 2214 carnali
1326 2149 1552 2233 spiritu
1577 2153 1644 2215 et
1670 2149 1916 2214 ratione
1936 2149 2275 2230 :discutere

732 2257 960 2322 volunt
993 2256 1119 2321 hoc
1156 2260 1655 2335 sacramentum3
1685 2256 1842 2321 item
1870 2256 2137 2340 quidam
2181 2277 2280 2323 as-

733 2383 837 2431 sas
882 2364 1062 2447 igni,
1112 2382 1227 2448 per
1267 2362 1542 2446 Spiritus
1584 2364 1785 2429 sancti
1825 2365 2272 2448 praesentiam,

733 2476 889 2540 dum
933 2474 1151 2540 divina
1192 2473 1430 2540 virtute
1477 2472 1916 2539 accenduntur
1957 2476 2022 2538 et
2067 2475 2277 2556 ignito

734 2598 976 2648 amore.
1004 2579 1094 2646 De
1118 2579 1221 2645 his
1258 2579 1558 2645 omnibus
1584 2579 1660 2615 ⁴·
1642 2603 1732 2645 ,ι
1753 2578 1807 2645 Ν
1810 2598 1895 2645 on
1936 2581 2278 2647 comedetis

734 2709 819 2756 ex
851 2707 928 2755 eo
961 2688 1235 2754 crudum
1277 2687 1463 2770 quid,
1500 2705 1713 2771 neque
1761 2691 2017 2754 coctum
2060 2708 2274 2773 aqua,

735 2797 849 2864 sed
885 2813 1102 2861 assum
1145 2798 1399 2860 tantum
1446 2794 1605 2876 igni.
1632 2817 1665 2856 ι)
1705 2794 1754 2861 Ο
1791 2814 1976 2861 88ιοι·
2015 2796 2169 2862 Dei!
2229 2797 2278 2864 Ο

736 2907 1055 2990 quantum
1088 2901 1378 2967 obsessos
1421 2906 1696 2982 amaret,
1749 2903 1862 2986 qui
1898 2903 2182 2987 seipsum
2212 2906 2280 2970 in

737 3010 954 3079 hostili
973 3007 1249 3089 obsidio,
1274 3008 1594 3091 aliquibus
1621 3009 2144 3075 manducandum
2171 3012 2282 3078 da·

739 3126 872 3199 ret,
893 3136 975 3183 ne
999 3117 1168 3183 fame
1190 3117 1558 3182 deficerent!
1587 3115 1721 3183 Hoc
1739 3115 1887 3182 facit
1907 3135 2100 3183 verus
2124 3120 2283 3183 ami-

741 3245 854 3293 cus
879 3225 1164 3291 Christus
1189 3225 1259 3290 in
1293 3224 1414 3289 hac
1444 3224 1577 3290 vita
1590 3273 1611 3305 ,
1645 3243 1774 3309 qua
1801 3243 1841 3290 a
1882 3225 2284 3292 daemonibus

742 3331 1141 3400 obsidemur-⁸
1161 3354 1176 3398 ε
1205 3355 1236 3394 α
1254 3331 1705 3417 Unusquisque
1723 3350 1945 3399 carnes
1965 3334 2155 3399 amici
2177 3335 2282 3400 sui

753 3441 1040 3509 comedet
1062 3439 1131 3505 in
1156 3439 1501 3505 obsidione.
1532 3461 1564 3501 ο

822 3549 912 3615 De
936 3552 1193 3632 quarto⁸
1227 3569 1297 3614 :c
1326 3546 1582 3631 Palpate
1607 3552 1672 3613 et
1697 3548 1942 3630 videte,
1972 3550 2129 3634 quia
2152 3552 2285 3635 spi-

744 3657 908 3723 ritus
934 3673 1190 3721 carnem
1216 3659 1281 3721 et
1305 3672 1451 3719 ossa
1474 3672 1607 3720 non
1626 3655 1850 3736 habet,
1872 3657 2037 3722 sicut
2060 3676 2165 3723 me
2192 3659 2286 3725 vi-

744 3764 907 3830 detis
944 3764 1203 3830 habere.
1239 3786 1271 3824 ι
1312 3762 1381 3829 Si
1416 3761 1616 3829 Filius
1661 3762 1773 3828 Dei
1812 3782 2021 3848 neque
2061 3766 2287 3831 sentiri

745 3888 860 3956 per
895 3887 1194 3949 carnem,
1232 3887 1442 3952 neque
1475 3868 1711 3935 sentire
1748 3870 2085 3952 potuisset,
2129 3890 2290 3956 quo-

747 3977 940 4044 modo
978 3978 1121 4060 ejus
1157 3976 1554 4042 conversatio
1594 3976 1700 4042 vel
1738 3979 2022 4058 operatio
2062 3998 2288 4045 exem-

749 4085 929 4169 plum
966 4083 1255 4149 imitandi
1294 4084 1558 4149 fuisset?
1609 4083 1787 4151 Unde
1823 4085 1950 4152 Leo
1985 4086 2156 4171 Papa
2195 4090 2218 4126 ⁷

759 4216 791 4256 α
814 4192 955 4259 Νοιι
981 4195 1146 4258 esset
1172 4191 1338 4257 Deus
1362 4210 1588 4272 verus,
1634 4192 1757 4257 nisi
1793 4193 2052 4261 afferret
2077 4214 2290 4264 reme-

750 4301 963 4381 dium;
991 4303 1056 4365 et
1079 4316 1210 4364 non
1237 4301 1402 4364 esset
1426 4316 1620 4365 verus
1639 4299 1861 4377 homo,
1894 4301 2019 4366 nisi
2049 4306 2291 4387 praebe·

751 4414 850 4476 ret
885 4408 1252 4491 exemplum
1285 4425 1401 4491 per
1448 4425 1733 4473 carnem.
1771 4429 1803 4468 s
1840 4408 2014 4491 Ergo
2061 4409 2289 4477 Christi

754 4516 1114 4583 sensibilem
1158 4514 1471 4579 habemus
1506 4515 1780 4580 formam
1833 4516 1903 4580 in
1945 4535 2292 4586 conversa-

755 4625 927 4690 tione
959 4645 976 4689 ι
1024 4620 1295 4689 Verbum
1323 4637 1471 4688 caro
1504 4622 1752 4702 factum
1785 4629 1880 4691 esc
1900 4671 1918 4703 ‚
1960 4628 2028 4689 et
2065 4630 2294 4691 caetera

757 4750 964 4816 usque
1010 4730 1273 4815 plenum
1319 4731 1549 4813 qratioe
1575 4736 1636 4798 ec
1673 4731 1995 4798 veritatis.
2055 4731 2295 4797 lterum

762 4839 1131 4924 exemplum
1154 4838 1224 4903 in
1252 4838 1541 4922 passione
1563 4843 1587 4879 ⁸
1615 4858 1632 4904 ι
1668 4861 1701 4902 α
1726 4837 1969 4903 Christo
1996 4839 2197 4921 igitur
2221 4839 2294 4905 in

764 4965 956 5012 carne
977 4964 1185 5030 passo,
1213 4949 1279 5010 et
1299 4963 1415 5010 vos
1431 4945 1652 5012 eadem
1678 4944 2062 5025 cogitatione
2085 4963 2298 5011 arma·

766 5054 946 5119 mini.
990 5076 1022 5116 n
1072 5053 1229 5119 Item
1271 5070 1449 5135 spem
1485 5052 1551 5115 in
1599 5052 2057 5117 resurrectione
2102 5053 2181 5137 (a)
2224 5059 2247 5095 ¹
2280 5077 2296 5119 z

831 5212 1560 5280 tcoloe5„1,22.—²Joan.,
1592 5215 1745 5278 v1,5⁴
1771 5214 1854 5265 vel
1883 5213 2314 5317 56.—²fxod.;

772 5299 871 5348 111,
899 5290 946 5339 8.
975 5286 1279 5348 -blbid.,
1321 5288 1370 5337 9.
1398 5286 1754 5341 ——⁸Jerem.,
1788 5299 1900 5350 xlx,
1938 5289 1985 5336 9.
2012 5310 2076 5323 —
2111 5286 2304 5347 ’βαι-υ

774 5360 1021 5419 xxnv‚.39
1065 5359 1340 5422 -7Leo,
1382 5356 1642 5408 inNativ.
1682 5357 1847 5422 Dom„
1886 5369 2044 5408 serm.
2079 5368 2131 5419 1,
2167 5371 2221 5407 ιι.
2254 5361 2303 5410 2.

777 5393 1161 5490 -·'.,11>010·
1204 5393 1733 5492 1v‚i.—·eebr.,
1761 5393 2307 5494 x‚'.sc-²⁰’‚or03.

778 5498 983 5563 Βοιαὶ,
1028 5498 1381 5562 libxxlwc
1428 5498 2305 5566 v,.,a1v1n.1..1-¹Aug,de

2374 669 2406 708 α
2435 646 2715 716 Initiavit
2757 649 2945 717 nobis
2978 651 3150 719 viam
3202 673 3438 721 novam
3472 660 3535 721 et
3572 658 3894 723 viventem

2368 772 2483 837 per
2515 756 2839 839 velamen,
2892 760 2956 824 id
3000 766 3134 842 est,
3179 780 3296 845 per
3331 780 3586 828 carnem
3621 781 3829 828 suam.
3858 785 3890 822 ιι

2367 861 2712 944 Gregorius
2733 867 2780 907 ¹⁰
2811 888 2827 930 ι
2858 889 2890 928 α
2915 867 3011 931 Ad
3038 868 3159 933 hoc
3185 867 3489 933 Dominus
3513 870 3807 953 apparuit
3831 871 3898 934 in

2369 987 2559 1034 carne
2576 1019 2599 1050 ,
2632 976 2706 1037 ut
2748 974 3103 1039 humanam
3131 975 3332 1040 vitam
3359 976 3762 1042 admonendo
3789 995 3896 1041 ex-

2368 1075 2591 1142 citaret
2632 1079 2752 1163 (b),
2796 1081 3091 1165 exempla
3125 1082 3468 1165 praebendo
3494 1084 3898 1162 accenderet,

2370 1183 2699 1251 moriendo
2743 1188 3127 1268 redimeret,
3164 1193 3228 1254 et
3267 1190 3666 1271 resurgendo
3716 1208 3904 1274 repa·

2372 1297 2564 1359 taret.
2592 1316 2624 1354 ι

2913 1465 3201 1537 SERMO
3247 1467 3365 1536 IX.

2463 1618 2732 1686 Verbum
2757 1636 2905 1687 caro
2929 1621 3172 1701 factum
3196 1626 3313 1688 est.
3345 1619 3547 1686 Filius
3577 1620 3683 1685 Dei
3705 1621 3912 1685 tactus

2377 1724 2473 1785 est
2497 1739 2645 1786 caro
2662 1770 2683 1802 ,
2726 1726 2800 1786 ut
2825 1727 3023 1802 esset,
3053 1724 3215 1788 sicut
3240 1722 3479 1788 dictum
3505 1727 3600 1788 est
3616 1771 3640 1803 ,
3673 1723 3911 1788 amica-

2373 1828 2518 1893 bilis
2555 1829 2636 1893 ad
2670 1829 3067 1895 dilectionem
3089 1878 3111 1908 ,
3151 1829 3468 1912 passibilis
3489 1831 3570 1895 ad
3615 1830 3908 1913 redemp-

2378 1936 2643 2016 tionem,
2672 1936 2904 2002 esibilis
2929 1938 3012 2002 ad
3039 1937 3462 2018 refectionem,
3491 1937 3816 2004 sensibilis
3839 1936 3914 2002 ad

2380 2045 2825 2110 imitationem.

2460 2151 2619 2216 Caro
2647 2152 2865 2235 utique
2887 2153 3087 2218 factus
3111 2156 3229 2232 est,
3249 2156 3326 2217 ut
3342 2171 3456 2236 per
3478 2170 3743 2217 carnem
3771 2170 3920 2217 caro

2382 2258 2760 2339 alliceretur,
2812 2279 2927 2345 per
2970 2279 3228 2325 carnem
3270 2280 3418 2326 caro
3458 2260 3916 2338 redimeretur,

2382 2386 2498 2452 per
2508 2386 2765 2433 carnem
2781 2386 2929 2432 caro
2945 2368 3335 2445 reficeretur,
3364 2385 3477 2451 per
3495 2385 3759 2431 carnem
3777 2384 3926 2430 caro

2384 2477 2856 2541 reformaretur.
2887 2474 3273 2541 Reficeretur
3296 2475 3512 2558 itaque
3536 2492 3670 2539 non
3695 2493 3926 2540 carna-

2383 2583 2552 2662 liter,
2594 2582 2704 2648 sed
2733 2582 3161 2666 spiritualiter.
3191 2582 3272 2647 Ut
3296 2582 3472 2647 enim
3501 2582 3588 2646 ait
3614 2582 3932 2663 Augusti·

2385 2710 2514 2757 nus
2538 2693 2584 2731 ¹¹
2618 2713 2675 2756 z«
2703 2690 2845 2757 Non
2868 2695 2965 2755 est
2986 2691 3164 2755 cibus
3180 2691 3446 2768 ventris,
3475 2690 3583 2754 sed
3612 2691 3870 2755 mentis.
3890 2712 3922 2750 ι

2387 2798 2564 2866 Unde
2607 2798 2931 2864 benedicta
2970 2816 3118 2862 caro
3164 2796 3391 2862 Christi
3417 2796 3485 2861 in
3511 2796 3614 2860 his
3645 2802 3934 2880 quatuor

2387 2906 2714 2971 effectibus
2755 2904 3091 2989 propositis
3123 2905 3541 2987 praefigurata
3573 2907 3669 2968 est
3695 2903 3764 2967 in
3808 2901 3934 2969 Ve-

2388 3012 2510 3077 teri
2564 3011 2986 3078 Testamenta
3030 3009 3184 3076 Haec
3220 3028 3368 3075 caro
3412 3014 3545 3091 est,
3600 3029 3734 3094 qua
3795 3012 3936 3076 Eva

2389 3119 2759 3204 producitur
2784 3120 2853 3199 ¹²,
2888 3117 3095 3184 Golias
3122 3119 3402 3183 vincitur
3427 3118 3491 3198 ¹⁸,
3522 3116 3690 3183 Elias
3715 3119 3934 3200 pasci-

2389 3231 2498 3293 tur
2521 3231 2592 3307 ¹⁸,
2619 3225 2905 3292 Naaman
2930 3224 3287 3291 restituitur
3309 3225 3374 3288 ¹¹⁵.
3405 3224 3774 3289 Amicabilis
3801 3226 3937 3308 igi-

2391 3339 2502 3400 tur
2534 3338 2631 3399 est
2672 3351 2821 3398 caro
2847 3332 3076 3398 Christi
3103 3332 3184 3396 ad
3207 3330 3606 3396 dilectionem
3633 3332 3942 3399 fidelihus

2393 3443 2720 3522 omnibus,
2756 3441 2907 3522 quia
2941 3440 3064 3504 hac
3098 3457 3289 3504 carne
3314 3456 3429 3521 per
3455 3439 3762 3523 passionis
3793 3444 3944 3525 ejus

2392 3549 2688 3616 effectum
2710 3596 2727 3624 ‚
2784 3551 2849 3613 et
2896 3546 3398 3629 regenerationis
3459 3552 3944 3613 sacramentum

2394 3662 2546 3724 sunt
2565 3656 2875 3740 producti,
2905 3654 3068 3719 sicut
3093 3653 3230 3720 Eva
3265 3654 3345 3718 de
3365 3653 3559 3719 latere
3593 3654 3806 3719 Adam
3842 3656 3938 3719 ¹⁸:

2405 3764 2593 3830 «Hoc
2635 3781 2810 3828 nunc
2852 3780 2926 3828 os
2963 3780 3047 3826 ex
3077 3761 3327 3826 ossibus
3353 3761 3534 3839 meiS,
3575 3765 3637 3824 et
3675 3778 3833 3827 caro
3861 3762 3943 3827 de

2396 3890 2587 3938 carne
2629 3889 2798 3936 mea.
2823 3892 2856 3931 ι)
2893 3869 3099 3935 Adam
3145 3868 3464 3933 Christum
3482 3916 3507 3948 ,
3546 3866 3683 3934 Eva
3721 3866 3946 3934 Eccle-

2396 3982 2557 4045 siam
2600 3978 2939 4062 significat.
2985 3976 3075 4042 De
3115 3975 3312 4041 latere
3356 3975 3512 4041 Adae
3558 3974 3948 4040 dormientis

2265 4108 2284 4154 :
2396 4089 2710 4154 formatur
2754 4084 2928 4164 Eva3
2968 4086 3048 4150 de
3090 4084 3287 4150 latere
3328 4083 3558 4150 Christi
3610 4083 3944 4167 patientis,

2399 4193 2673 4260 Ecclesia
2718 4192 3087 4276 producitur
3103 4238 3121 4269 ,
3152 4210 3302 4255 cum
3344 4191 3422 4255 de
3468 4190 3661 4255 latere
3701 4188 3948 4255 Christi

2400 4300 2670 4383 sanguis
2707 4301 2777 4364 in
2817 4299 3097 4383 pretium
3132 4298 3584 4381 redemptionis
3600 4345 3618 4377 ‚
3661 4301 3727 4361 et
3767 4316 3950 4381 aqua

2402 4410 2473 4475 in
2534 4410 3004 4475 sacramentum
3063 4405 3404 4471 ablutionis
3466 4403 3946 4488 profluxerunt.

2405 4515 2582 4580 Sicut
2629 4519 2842 4578 autem
2895 4513 3028 4580 Eva
3077 4513 3357 4578 multum
3403 4512 3671 4594 diligere
3720 4510 3956 4576 debuit

2403 4620 2654 4700 Adam,
2701 4619 2854 4702 quia
2906 4638 3037 4684 non
3082 4619 3295 4685 solum
3340 4622 3485 4702 ejus
3518 4636 3788 4701 spons,
3831 4619 3955 4683 sed

2404 4729 2598 4794 etiam
2626 4729 2763 4809 ejus
2788 4743 2936 4790 caro
2959 4725 3116 4803 fuit;
3149 4726 3240 4789 sic
3268 4725 3494 4807 utique
3535 4724 3836 4804 Ecclesia,
3882 4731 3954 4790 et

2408 4835 2709 4920 quaelibet
2731 4831 2935 4897 fidelis
2946 4832 3165 4897 anima
3179 4830 3523 4897 Christum.
3542 4829 3740 4895 Filius
3763 4832 3953 4896 enim

2411 4942 2521 5008 Dei
2546 4942 2625 5006 de
2650 4945 2760 5005 tua
2788 4956 3001 5018 carne,
3030 4943 3094 5003 et
3117 4937 3196 5002 de
3219 4939 3361 5020 ejus
3377 4953 3652 5002 carnees
3676 4937 3958 5019 produc·

2413 5055 2498 5113 ta.
2531 5047 2740 5124 Quare
2783 5064 2916 5112 non
2941 5045 3152 5111 solum
3177 5046 3318 5128 eius
3342 5062 3594 5129 sponsa,
3615 5044 3724 5111 sed
3751 5046 3961 5112 etiam

2421 5196 2657 5258 Diversis,
2691 5207 2847 5245 serm.
2877 5205 2962 5256 ix,
2999 5193 3065 5242 al.
3096 5204 3221 5255 nvn,
3252 5205 3307 5241 n.
3345 5193 3395 5254 7,
3428 5190 3598 5256 quoad
3626 5205 3858 5243 sensum.
3897 5222 3955 5231 —

2415 5266 2457 5303 ¹²
2490 5266 2632 5329 Gen„
2665 5278 2732 5330 11,
2762 5269 2840 5314 2¹.
2875 5290 2939 5303 —
2975 5265 3015 5300 ¹³
3051 5265 3068 5313 1
3115 5264 3250 5327 neq„
3284 5275 3420 5325 xvir,
3451 5266 3530 5313 44.
3554 5290 3617 5301 —
3650 5264 3684 5295 ⁸⁴
3715 5265 3778 5313 ΙΙΙ
3811 5266 3962 5330 Req„

2416 5349 2545 5402 xvn,
2574 5339 2621 5387 6.
2650 5363 2706 5373 -
2739 5337 2778 5372 ¹⁸
2806 5336 2865 5386 {V
2898 5336 3033 5401 Req„
3068 5346 3118 5400 v,
3151 5339 3225 5385 ¹0.
3256 5360 3311 5371 -
3346 5334 3384 5369 ¹⁸
3413 5333 3555 5395 Gen„
3589 5346 3651 5396 11,
3678 5336 3761 5388 22.

2418 5426 2696 5551 ciffum·
2723 5424 3169 5478 resurrectionem.
3199 5450 3260 5461 -
3289 5421 3360 5489 (ὁ)
3389 5424 3514 5476 Cat.
3541 5422 3666 5475 edit.
3698 5422 3835 5476 dom
3869 5438 3968 5479 ox-
