4059 6317
990 477 1374 547 sommas
1412 475 1470 543 11
1510 473 1711 543 Pos'r
1751 423 2340 546 Psmcos‘rms.
2388 479 2655 552 ssnuo
2697 485 2801 554 lv.

292 618 385 684 ihi
410 637 429 683 z
458 637 492 680 ι
508 611 738 684 Nullus
761 611 1057 700 deinceps
1079 614 1469 694 recordatae,
1500 633 1531 674 ι
1565 616 1686 678 etc.
1712 612 1836 679 Sed

294 724 449 809 quia
473 724 612 790 siue
635 723 1020 791 victualibus
1047 723 1253 789 teneri
1279 739 1411 787 non
1438 725 1669 804 posset,
1692 720 1836 786 ideo

291 851 424 899 non
448 832 657 899 solum
684 836 906 917 parata
932 836 1028 898 est
1042 832 1230 898 nobis
1246 831 1493 908 civitas,
1513 829 1622 895 sed
1642 829 1833 895 etiam

292 959 437 1007 oeca
473 943 542 1005 in
578 941 835 1006 civitate
877 941 1284 1021 indeficiens,
1328 938 1562 1004 scilicet
1605 955 1836 1020 corpus

290 1050 521 1115 Christi
549 1049 569 1086 ¹
603 1070 621 1114 t
661 1070 692 1109 α
728 1047 1033 1115 Paratum
1063 1066 1296 1131 panem
1324 1047 1403 1112 de
1442 1046 1603 1112 coelo
1631 1062 1831 1129 praes-

289 1155 472 1222 titisti
496 1157 707 1237 uobis,
738 1177 770 1216 o
805 1159 925 1221 etc.
964 1157 987 1192 ¹
1024 1177 1055 1216 α
1093 1154 1543 1238 Unusquisque
1570 1171 1831 1219 carnem

285 1266 478 1331 amici
507 1266 604 1331 sui
655 1265 944 1331 comedet
984 1266 1056 1330 in
1101 1264 1452 1330 obsidione.
1501 1286 1532 1324 n
1571 1263 1831 1328 Amicus

285 1379 382 1441 est
410 1375 724 1441 Christus.
756 1373 988 1438 Nullus
1012 1391 1174 1455 ergo
1204 1376 1387 1437 extra
1406 1371 1575 1436 hauc
1600 1371 1832 1436 civita-

280 1486 414 1548 tem
443 1481 678 1546 salvari
704 1483 910 1564 potest
924 1528 942 1559 ,
973 1480 1140 1545 sicut
1161 1480 1492 1562 signatum
1520 1482 1616 1543 est
1641 1479 1685 1556 ⁸,
1714 1478 1828 1543 ubi

281 1589 522 1671 legitur
545 1588 718 1672 quod
745 1587 909 1653 Loth
926 1587 998 1652 in
1016 1587 1277 1652 civitate
1294 1585 1501 1668 Segor
1517 1586 1824 1665 salvatur,

280 1701 563 1781 quatuor
610 1695 751 1761 aliis
799 1695 1169 1760 civitatibus
1215 1695 1369 1777 igne
1412 1697 1477 1760 et
1519 1693 1828 1777 sulphure

283 1804 632 1869 subversis.
653 1802 929 1886 Require
951 1802 1022 1866 in
1040 1801 1436 1885 expositione
1461 1802 1533 1866 in
1550 1802 1828 1867 secundo

279 1931 577 1979 sermone
605 1935 620 1978 ε
656 1914 709 1979 A
738 1927 984 1979 summo
1005 1912 1156 1979 coelo
1184 1912 1229 1976 ⁸.

358 2021 446 2086 De
473 2022 680 2102 tertie,
713 2020 1050 2087 psalmista
1074 2021 1097 2057 ³
1139 2042 1156 2085 ε
1198 2041 1232 2081 α
1257 2018 1514 2085 Paravit
1546 2020 1617 2083 in
1640 2020 1822 2103 judi·

275 2128 377 2194 cio
402 2130 712 2194 thronum
746 2147 977 2209 snum,
1013 2132 1076 2194 et
1098 2131 1235 2212 ipse
1251 2127 1574 2211 judicabit
1600 2128 1822 2194 orbem

274 2242 469 2302 terrae
495 2238 564 2301 in
595 2238 917 2321 sequitate.
948 2260 979 2298 n
1013 2237 1178 2303 Vere
1203 2237 1273 2302 in
1300 2237 1601 2320 aequitate
1626 2255 1824 2302 :nam

276 2362 465 2428 aeque
486 2344 798 2427 judicabit
824 2346 1137 2429 populum
1163 2347 1229 2410 et
1259 2345 1559 2409 clericum
1585 2393 1602 2425 ,
1637 2363 1825 2428 aeque

275 2453 728 2536 imperatorem
764 2456 831 2517 et
857 2456 1200 2535 pastorem.
1231 2451 1392 2517 Nam
1431 2456 1718 2535 potentes
1759 2456 1825 2517 et

276 2559 682 2643 impotentes,
713 2559 937 2642 magni
963 2564 1026 2625 et
1052 2559 1235 2643 parvi
1258 2577 1445 2642 aeque
1472 2563 1620 2623 aute
1643 2559 1860 2624 thro-·

276 2684 440 2731 num
467 2668 661 2732 istum
701 2667 963 2733 stabunt
988 2673 1012 2709 ⁸
1042 2688 1057 2730 ε
1099 2690 1133 2729 c
1157 2664 1301 2732 Vidi
1350 2670 1637 2732 mortuos
1682 2686 1821 2732 ma-

280 2792 446 2856 gnos
474 2780 538 2840 et
566 2775 828 2859 pusillos
855 2778 1091 2840 stantes
1117 2776 1265 2839 ante
1309 2773 1617 2840 thronum
1664 2775 1819 2854 Dei,

276 2888 341 2948 et
366 2883 516 2949 libri
560 2883 763 2967 aperti
802 2887 956 2948 snut
975 2931 994 2963 ,
1055 2909 1081 2940 n
1123 2882 1189 2946 id
1238 2886 1335 2948 est
1379 2881 1779 2947 conscientias
1796 2931 1819 2963 ,

277 3009 559 3075 quarum
568 2991 813 3057 occulta
821 2991 890 3054 in
899 2990 1003 3056 die
1007 2992 1036 3074 j
1042 2989 1239 3055 udicii
1254 2989 1586 3054 manifesta
1599 2993 1815 3054 erunt.

277 3097 372 3164 lbi
394 3098 570 3180 leget
584 3099 690 3163 vir
705 3098 777 3161 in
792 3096 958 3162 libro
975 3096 1222 3176 uxoris,
1242 3096 1334 3160 ihi
1351 3101 1416 3161 et
1432 3115 1469 3160 e
1485 3114 1817 3178 converso,

270 3226 473 3291 quam
508 3206 703 3273 fldem
746 3206 868 3270 sibi
912 3205 1192 3270 invicem
1236 3209 1697 3285 servaverunt3
1728 3206 1818 3270 ibi

271 3318 419 3402 quis
444 3316 647 3380 alium
670 3313 1021 3393 tradiderit,
1051 3312 1200 3397 quis
1225 3312 1294 3377 in
1322 3312 1600 3378 tenebris
1627 3331 1815 3379 enor-

270 3425 406 3489 mia
429 3424 666 3503 secerit,
698 3422 1056 3504 detegetur.
1087 3420 1498 3504 Augustinus
1520 3421 1545 3457 '¹
1575 3439 1639 3486 z«
1658 3421 1819 3488 Cum

270 3531 522 3597 venerit
532 3531 862 3610 Dominus,
892 3533 960 3594 et
982 3528 1443 3594 illuminaverit
1454 3529 1821 3595 abscondita

271 3638 685 3704 tenebrarum
700 3686 721 3716 ,
759 3640 824 3701 et
864 3636 1361 3702 manifestaverit
1394 3633 1817 3719 cogitationes

268 3746 502 3827 cordis,
531 3749 686 3811 timc
709 3744 875 3810 nihil
901 3743 1122 3809 latebit
1146 3744 1443 3827 proximo
1479 3745 1552 3809 in
1592 3745 1812 3827 proxi-

269 3871 479 3934 mum,
509 3869 721 3936 neque
744 3852 867 3917 erit
892 3852 1065 3935 quod
1087 3851 1225 3916 suis
1250 3852 1519 3935 quilibet
1543 3853 1812 3935 aperiat,

270 3960 740 4044 ahsoendatque
757 3958 1002 4024 alienis.
1018 3979 1050 4019 n
1066 3958 1244 4024 Unde
1258 3960 1490 4025 dicitur
1506 3960 1746 4026 ibidem
1763 3965 1810 4040 ⁸,

271 4068 443 4150 quod
479 4089 511 4129 s
550 4067 819 4149 judicati
863 4070 1014 4131 suut
1053 4065 1298 4131 mortui
1343 4085 1426 4132 ex
1468 4068 1573 4133 his
1595 4117 1614 4149 ,
1662 4085 1812 4152 quae

270 4177 621 4259 perscripta
645 4178 829 4240 erant
854 4174 922 4238 in
949 4174 1157 4239 libris.
1188 4195 1220 4234 o

348 4281 439 4348 De
463 4287 715 4367 quarto,
741 4284 972 4349 dicitur
989 4283 1095 4349 hic
1115 4305 1131 4347 z
1154 4283 1355 4352 Homo
1373 4284 1643 4367 quidam
1658 4286 1813 4366 fecit

269 4407 511 4458 coenam
547 4409 885 4476 maenam,
917 4396 1061 4474 etc„
1094 4411 1298 4476 usque
1334 4414 1352 4456 ε
1398 4393 1543 4458 Iam
1572 4399 1812 4476 parata

270 4506 422 4566 sunt
442 4502 685 4568 omnia.
715 4499 944 4565 Parata
971 4499 1217 4583 utique,
1242 4500 1381 4582 jam
1410 4500 1585 4564 enim
1615 4517 1813 4582 snpra

267 4624 559 4671 mensam
575 4607 781 4690 posita
800 4611 952 4671 sunt
966 4606 1226 4686 fercula,
1248 4605 1327 4671 de
1348 4625 1479 4689 qua
1501 4625 1725 4671 mensa
1741 4612 1765 4647 ⁰
1788 4629 1805 4670 ε

271 4737 303 4774 ι
336 4713 417 4779 Ut
442 4714 665 4792 edatis,
690 4717 752 4779 et
767 4713 1021 4777 bibatis.
1041 4733 1074 4772 n
1105 4710 1267 4776 Nota
1290 4712 1465 4795 quod
1483 4712 1808 4778 deliciosos

266 4821 445 4886 cibos
482 4827 548 4886 et
582 4825 805 4903 potum
848 4821 1158 4886 Dominus
1200 4820 1308 4884 dat
1346 4819 1714 4885 hominibus
1740 4823 1810 4887 iu

267 4945 493 4992 mensa
518 4927 853 5008 materiali,
882 4933 944 4993 et
970 4927 1142 5010 quod
1168 4926 1591 4992 deliciosiores
1611 4928 1805 5007 cibos,

3379 500 3498 563 335

1947 616 2158 699 poris,
2197 619 2263 682 et
2292 620 2519 700 potum
2545 621 2885 705 sanguinis
2916 625 3016 690 sui
3041 625 3247 694 datin
3272 648 3499 700 mensa

1946 726 2409 790 sacramentali.
2443 726 2646 793 Pensa
2687 748 2866 796 nunc
2885 779 2903 811 ‚
2948 733 3146 801 homo
3180 757 3196 801 z
3227 737 3281 802 si
3321 741 3498 805 tanta

1946 830 2116 895 bona
2141 851 2182 896 a
2206 831 2333 897 Deo
2359 833 2561 900 habes
2585 835 2654 900 in
2687 856 2910 904 mensa
2936 844 3072 918 tua,
3105 842 3174 906 in
3217 863 3492 928 carcere,

1944 938 2012 1003 in
2040 939 2257 1020 exilio,
2288 945 2529 1024 quanta
2551 943 2722 1009 bona
2741 946 3007 1012 habebis
3035 950 3105 1015 in
3134 969 3359 1017 mensa
3386 954 3498 1020 Dei

1943 1046 2013 1111 in
2052 1055 2300 1130 regno?
2333 1049 2750 1133 Augustinus
2795 1054 2838 1090 ¹⁰
2883 1078 2901 1121 t
2940 1080 2971 1119 α
3000 1057 3073 1122 In
3115 1060 3322 1142 patria
3361 1062 3498 1144 ipsu

1943 1156 2267 1238 quomodo
2308 1158 2651 1238 saturabit,
2700 1163 2812 1243 qui
2852 1163 2922 1228 in
2974 1167 3492 1248 peregrinatione

1941 1262 2036 1326 sic
2074 1264 2282 1346 pavit!
2314 1286 2345 1325 ι)
2385 1265 2548 1343 Quia
2581 1286 2740 1333 vero
2773 1269 2842 1333 iu
2881 1289 3121 1336 novem
3162 1274 3496 1340 ordinibus

1940 1369 2328 1452 angelorum
2355 1391 2579 1438 omnes
2603 1374 2858 1442 invitati
2888 1377 3370 1460 distribuentur,
3403 1399 3498 1446 se-

1939 1478 2229 1545 cundum
2282 1479 2401 1545 has
2449 1500 2685 1548 novem
2733 1503 2984 1550 mensas
3029 1487 3097 1550 in
3145 1486 3268 1551 hac
3311 1506 3494 1554 ooeua

1936 1585 2344 1668 distinguere
2369 1607 2736 1671 possumus.
2772 1591 2909 1657 lma
2934 1612 3158 1658 mensa
3186 1595 3377 1678 plena
3396 1600 3495 1662 est

1939 1693 2200 1776 deliciis,
2231 1697 2309 1762 de
2334 1715 2465 1781 qua
2502 1698 2765 1763 infimus
2791 1699 2971 1780 ordo,
3003 1705 3067 1766 et
3104 1703 3215 1786 qui
3244 1704 3314 1767 in
3349 1704 3491 1787 ipso

1938 1806 2113 1882 sunt,
2142 1804 2515 1871 reficiuntur
2529 1828 2546 1885 3
2579 1808 2857 1873 secunda
2883 1827 3108 1873 mensa
3134 1810 3327 1875 ditior
3367 1817 3485 1894 est,

1934 1912 2001 1972 et
2026 1908 2490 1992 abundantior,
2521 1913 2600 1978 de
2630 1933 2760 1997 qua
2786 1917 3100 1981 secundus
3136 1917 3310 1984 ordo·
3339 1937 3489 1984 cum

1928 2017 2122 2099 justis
2147 2018 2477 2101 amplioris
2503 2022 2716 2085 meriti
2739 2021 2809 2086 in
2825 2022 2964 2106 ipsa
2988 2022 3175 2088 locati
3205 2027 3490 2091 reficien-

1936 2127 2069 2188 tur.
2088 2124 2191 2190 Sic
2215 2144 2630 2208 progressum
2650 2129 2843 2193 facias
2861 2148 3066 2213 usque
3091 2132 3167 2197 ad
3195 2151 3484 2198 mensam

1932 2232 2089 2296 noni
2116 2232 2383 2310 ordinis,
2414 2233 2557 2317 plus
2590 2255 2842 2320 semper
2869 2256 3157 2303 mensam
3186 2242 3479 2323 superio-

1933 2357 2075 2404 rem
2102 2342 2629 2408 commendando.
2670 2343 2793 2409 Sed
2819 2345 2974 2427 quid
3015 2345 3258 2412 valeret
3284 2347 3487 2413 multa

1933 2446 2221 2513 convivis
2248 2467 2386 2514 esse
2412 2455 2655 2533 parata,
2677 2452 2732 2515 si
2749 2451 2927 2517 locus
2950 2454 3206 2520 sedendi
3225 2460 3486 2539 paratus

1932 2570 2064 2617 non
2091 2559 2275 2634 esset,
2307 2557 2564 2638 quando
2589 2559 2931 2624 venirent?
2961 2560 3109 2626 ldeo
3135 2562 3225 2627 ait
3261 2564 3481 2630 Domi·

1932 2678 2061 2724 nus
2087 2662 2129 2698 ¹¹
2162 2678 2181 2725 ε
2220 2684 2253 2724 <1
2278 2661 2453 2729 Vado
2485 2666 2925 2747 paras-evehis
2948 2668 3183 2734 locum.
3216 2689 3247 2730 ι
3279 2670 3354 2734 In
3376 2690 3484 2736 ea-

1931 2769 2077 2833 dem
2096 2770 2272 2834 enim
2291 2790 2514 2851 mensa
2531 2773 2699 2839 alius
2717 2775 2977 2840 babebit
2992 2776 3206 2843 locum
3232 2778 3485 2859 dignio-

1928 2890 2092 2953 rem,
2121 2878 2473 2943 secundum
2500 2882 2672 2963 quod
2695 2881 2876 2948 stella
2897 2883 3110 2949 differt
3136 2903 3178 2950 a
3203 2885 3386 2951 stella
3410 2887 3479 2952 in

1926 2981 2235 3064 claritate,
2266 2984 2428 3051 sicut
2451 2986 2690 3053 dicitur
2718 2991 2787 3054 ¹².

2475 3168 2765 3240 SERMO
2807 3170 2928 3242 IV.

2010 3308 2314 3391 compelle
2363 3313 2611 3379 intrare
2633 3358 2652 3392 ‚
2713 3320 2788 3380 ut
2835 3314 3186 3398 impleatur
3253 3317 3481 3387 dom

1923 3431 2069 3482 mea
2113 3419 2181 3481 ¹⁸.
2231 3418 2470 3484 Domus
2512 3420 2898 3504 quandoque
2940 3422 3174 3489 dicitur
3226 3426 3478 3510 impleri

1923 3523 2320 3604 hominibus,
2348 3526 2734 3610 quaudoque
2761 3529 2937 3593 sonis
2963 3534 3028 3594 et
3061 3530 3473 3614 clamoribus,

1922 3632 2312 3715 quandoque
2337 3635 2862 3715 possessionibus,
2896 3639 3284 3722 quandoque
3319 3642 3474 3705 odo-

1922 3737 2122 3802 ribus.
2155 3735 2260 3802 Sic
2285 3738 2518 3803 domus
2556 3740 2849 3806 Ecclesiae
2884 3742 3072 3809 debet
3098 3745 3349 3828 impleri
3377 3749 3471 3812 fa-

1922 3844 2118 3910 miliae
2144 3846 2560 3927 abundantia,
2589 3849 2893 3916 doctrinas
2912 3855 3301 3933 resonantia,
3325 3873 3474 3937 gra-

1919 3952 2026 4018 tiae
2053 3954 2401 4037 opulentia,
2430 3954 2622 4020 famae
2653 3957 3028 4040 fragrantia.

1999 4061 2089 4126 De
2119 4062 2331 4145 primo
2367 4063 2599 4128 dicitur
2636 4064 2743 4130 hic
2789 4088 2804 4133 ε
2858 4067 3161 4151 compelle
3197 4074 3468 4154 intrare,

1918 4175 1996 4237 ut
2019 4169 2364 4251 impleatur
2389 4170 2615 4238 domus
2644 4190 2806 4239 mea.
2841 4174 2911 4240 Si
2938 4176 3280 4242 intraveris
3306 4180 3473 4246 hanc

1919 4276 2206 4358 domum,
2240 4282 2423 4360 porta
2451 4297 2717 4345 munera
2740 4283 2787 4322 ¹⁸
2819 4304 2881 4348 τα
2909 4283 2989 4348 Et
3018 4285 3328 4350 intrantes
3352 4288 3469 4354 do-

1917 4403 2139 4466 mum,
2182 4408 2212 4446 »
2259 4390 2379 4452 etc.
2433 4386 2559 4453 Sed
2605 4391 2921 4475 numquid
2968 4393 3085 4457 soli
3127 4413 3316 4477 reges
3358 4402 3471 4462 ant

1917 4493 2146 4558 divites
2173 4495 2546 4561 intrabunt?
2585 4494 2726 4562 lmo
2760 4517 3071 4583 pauperes
3102 4505 3166 4566 et
3198 4502 3464 4583 debiles,

1917 4619 2118 4666 caeeos
2170 4605 2234 4666 et
2286 4602 2545 4668 claudos
2599 4604 2893 4671 introduc
2948 4608 3095 4672 huc.
3146 4608 3468 4693 Pauperes

1917 4713 2071 4773 sunt
2089 4755 2105 4786 ,
2149 4710 2265 4793 qui
2300 4729 2431 4776 non
2466 4711 2706 4777 habeut
2747 4713 3000 4779 divitias
3040 4716 3356 4781 virtutum
3403 4723 3468 4786 et

1917 4816 2269 4895 donorum;
2326 4817 2605 4899 debiles,
2653 4820 2766 4903 qui
2816 4839 2946 4886 non
3000 4822 3242 4888 habent
3287 4824 3463 4890 vires

1915 4924 2208 5008 portandi
2239 4943 2406 4990 onus
2435 4927 2955 5008 tribulationum3
2987 4929 3162 5006 caeci,
3193 4932 3464 5014 quinon

264 5039 331 5099 st
353 5039 579 5117 potum
607 5034 987 5115 gratiarum,
1012 5034 1206 5099 datin
1225 5052 1446 5099 mensa
1465 5035 1672 5101 cordis
1688 5038 1811 5120 spi·
1912 5032 2154 5096 habent
2174 5031 2395 5098 oculos
2412 5032 2879 5115 cogitationum
2892 5057 2910 5114 3
2934 5035 3166 5115 claudi,
3188 5038 3301 5118 qui
3326 5056 3464 5104 non

263 5141 505 5222 rituali,
535 5145 600 5206 et
635 5141 804 5225 quod
839 5142 1387 5207 deliciosissimum
1420 5142 1639 5208 cibum
1665 5161 1806 5208 cor-

327 5343 341 5372 ¹
371 5340 515 5405 Sap„
543 5350 664 5403 xvt,
690 5342 771 5390 2⁰.
798 5365 852 5375 -
884 5339 903 5370 ²
924 5339 1127 5404 lev-em,
1152 5349 1277 5401 xix,
1303 5341 1352 5391 9.
1380 5365 1443 5378 -
1470 5337 1494 5374 ⁸
1520 5339 1664 5407 Gen„
1693 5353 1806 5407 ιιι,

248 5413 340 5463 n.
360 5435 425 5451 -—
451 5411 469 5445 ⁴
488 5409 612 5463 Vid.
639 5423 773 5475 sup„
802 5411 856 5461 in
881 5411 1053 5462 Natio.
1080 5410 1249 5475 Dum„
1276 5424 1432 5462 serm.
1464 5422 1545 5476 ιιι,
1570 5425 1694 5478 pag.
1723 5416 1803 5478 46,

262 5484 362 5536 eol.
390 5488 443 5536 2.
468 5507 534 5522 -
561 5484 585 5519 ⁸
610 5482 740 5534 Psul.
770 5494 859 5548 rx,
888 5485 935 5535 8.
958 5509 1022 5522 -
1047 5484 1067 5515 ·
1091 5483 1262 5550 Apso..
1292 5487 1498 5549 nst-2.
1528 5507 1590 5523 -
1615 5486 1638 5522 ‘¹
1669 5487 1798 5551 Aug.

1915 5139 2154 5204 habent
2208 5143 2454 5204 rectum
2503 5158 2800 5222 gressum
2842 5160 3135 5225 operum.
3194 5143 3459 5226 Signifi-

1913 5362 1978 5376 —
2002 5337 2026 5374 ⁸
2047 5337 2222 5402 apoc„
2251 5348 2341 5401 xx,
2372 5339 2452 5387 12.
2485 5362 2550 5374 —
2584 5337 2604 5368 ⁰
2633 5338 2770 5402 Luc„
2797 5350 2940 5403 11¹1,
2978 5341 3060 5394 3⁰.
3087 5367 3149 5380 -—
3172 5341 3214 5379 ί·
3239 5346 3366 5410 Aug.
3395 5368 3461 5385 -

1917 5411 1956 5447 ¹¹
1983 5410 2151 5475 Joan„
2181 5420 2289 5474 xlv,
2316 5412 2367 5460 2.
2394 5434 2457 5448 -
2487 5409 2529 5445 ¹²
2558 5410 2575 5460 Ι
2608 5410 2746 5475 Gor„
2776 5424 2867 5477 ιν,
2895 5414 2975 5466 41.
3002 5435 3067 5452 -
3097 5413 3145 5452 ¹⁸
3174 5415 3310 5485 Lus„
3347 5429 3456 5486 xlv,

1916 5482 1996 5535 23.
2026 5508 2081 5520 -—
2108 5482 2150 5518 ¹·
2180 5480 2340 5532 Ham·
2369 5513 2383 5532 .
2410 5492 2471 5548 11,
2499 5483 2576 5534 ¹1.
