4059 6317
645 540 767 607 246

645 690 842 756 quam
871 671 978 737 Dei
1003 672 1201 755 pietas
1229 670 1517 754 respicit,
1547 667 1879 737 humilitas
1903 666 2180 750 addicit,

644 779 1013 864 poenitenfia
1035 779 1300 859 reducit,
1323 777 1573 863 ,iustitia
1591 775 1868 855 deducit,
1889 774 2184 839 obedien-

643 886 735 954 tia
758 885 1075 966 conducit,
1089 885 1563 970 perseverantia
1591 883 1900 967 perducit,
1928 881 2183 947 devotio

642 993 1007 1074 introducit,
1027 993 1531 1077 puritasjungit,
1560 990 1834 1057 charitas
1863 988 2029 1055 unit.
2061 1009 2092 1048 n

640 1229 1009 1307 DOMINIGA
1056 1228 1113 1304 11
1173 1228 1356 1303 POST
1413 1225 1782 1302 OCTAVAM
1829 1222 2176 1299 PASGHAE.

1062 1397 1352 1470 SERMO
1397 1396 1748 1469 PRIMUS.

717 1537 956 1605 Iterum
981 1534 1334 1613 modicum,
1356 1541 1420 1600 et
1442 1530 1746 1599 videbitis
1773 1546 1868 1597 me
1895 1532 1940 1594 ¹.
1974 1528 2177 1595 Modi-

637 1661 810 1722 cum,
846 1646 913 1708 et
936 1659 1068 1707 non
1093 1640 1394 1706 viderunt
1416 1639 1618 1705 Deum
1640 1637 1953 1720 discipuli,
1982 1655 2182 1720 quan-

637 1751 721 1816 do
745 1750 865 1817 fuit
889 1749 960 1814 in
986 1748 1310 1832 sepulcr-03
1349 1746 1676 1813 etiterum
1718 1744 2063 1821 modicum,
2115 1748 2181 1808 et

638 1858 940 1923 viderunt
984 1873 1134 1921 eum
1181 1859 1325 1937 post
1365 1852 1896 1919 resurrectionem
1917 1899 1936 1931 ,
1970 1869 2178 1934 usque

637 1965 717 2029 ad
744 1964 1179 2030 ascensionem
1220 1962 1581 2045 aliquoties.
1623 1959 1747 2027 Sed
1773 1977 1948 2025 nunc
1967 1958 2177 2023 consi·

636 2070 1344 2152 derandum,quomodo
1360 2070 1529 2134 Deus
1545 2068 1836 2134 videatur
1846 2069 1914 2132 in
1933 2066 2180 2132 mundo

637 2199 677 2245 a
710 2178 1112 2245 credentibus
1131 2225 1152 2258 ‚
1203 2177 1270 2241 in
1313 2181 1603 2242 extremo
1639 2195 1680 2239 a
1705 2174 2175 2253 decedentibus,

638 2288 708 2353 in
732 2287 892 2353 coelo
917 2306 958 2352 a
981 2285 1339 2351 fruentibus
1360 2332 1379 2365 ,
1407 2284 1478 2349 in
1504 2283 1737 2366 judicio
1763 2302 1803 2347 a
1829 2299 2176 2363 resurgen-

637 2395 832 2465 tibus.

718 2502 805 2567 De
830 2502 1039 2585 primo
1062 2499 1328 2584 mystice
1353 2496 1630 2579 intelligi
1657 2498 1860 2579 potest
1888 2494 2062 2577 quod
2089 2494 2183 2559 di-

639 2610 804 2675 citur
833 2608 941 2674 hic
982 2630 999 2673 ε
1031 2606 1388 2685 Modicum,
1413 2611 1474 2673 et
1499 2602 1828 2672 videbitis.
1861 2601 2179 2667 Modicum

638 2718 812 2781 enim
836 2734 970 2781 non
995 2719 1128 2779 tam
1159 2713 1515 2792 duratione,
1544 2729 1739 2795 quam
1766 2710 2174 2791 cognitione:

637 2824 1005 2908 imperfecta
1029 2826 1127 2887 est
1160 2821 1332 2886 enim
1367 2820 1532 2885 visio
1567 2819 1714 2884 fidei
1749 2824 2038 2901 respectu
2071 2818 2178 2881 vi-

638 2931 837 2999 sionis
887 2935 1168 2996 aeternae.
1212 2928 1452 2994 Modica
1490 2928 1663 2992 enim
1708 2930 1772 2991 et
1814 2925 2180 3007 imperfecte

639 3039 913 3118 videtur,
938 3036 1250 3122 quidquid
1277 3034 1466 3100 modo
1490 3038 1742 3099 tantum
1767 3032 1834 3096 in
1866 3033 2174 3114 imagine,

639 3150 704 3211 et
740 3164 780 3210 a
814 3150 999 3226 tergo
1036 3163 1076 3209 a
1118 3143 1315 3225 longe
1351 3142 1625 3209 videtur.
1665 3139 1969 3206 Videmus
2001 3141 2177 3206 enim

640 3255 841 3320 Deum
867 3270 999 3319 non
1029 3252 1098 3317 in
1132 3270 1224 3330 se,
1253 3250 1364 3316 sed
1401 3268 1516 3333 per
1554 3250 1912 3331 imaginem
1943 3266 2178 3331 reprae-

640 3366 952 3428 sentatam
976 3361 1046 3425 in
1075 3359 1380 3424 creaturis
1401 3365 1426 3401 ¹
1456 3376 1474 3423 z
1508 3381 1540 3419 ι
1556 3356 1847 3423 Vidimus
1872 3375 2047 3425 nunc
2065 3375 2179 3439 per

639 3468 993 3553 speculum.
1022 3489 1053 3528 n
1090 3466 1340 3532 Glossa:
1373 3488 1405 3526 ι
1432 3482 1545 3548 per
1570 3464 1927 3545 imaginem
1949 3464 2180 3529 obscu-

640 3595 802 3641 ram.
835 3597 866 3636 n
901 3574 1202 3641 Videmus
1227 3573 1402 3637 enim
1432 3572 1679 3654 aliquas
1717 3576 2076 3652 creaturas,
2110 3573 2178 3636 in

641 3684 879 3768 quibus
904 3681 1118 3764 aliqua
1143 3679 1490 3745 similitudo
1519 3679 1627 3747 Dei
1658 3680 1916 3745 relucet.
1953 3680 2059 3745 Vel
2086 3681 2179 3745 vi-

643 3792 868 3857 demus
884 3807 1016 3855 non
1041 3789 1220 3866 facie,
1246 3787 1358 3852 sed
1383 3806 1422 3851 a
1449 3790 1637 3867 tergo
1662 3786 2174 3851 incarnationis⁸:

648 3921 682 3962 α
732 3897 986 3964 Videbis
1029 3896 1377 3979 posteriora
1427 3912 1572 3961 mea
1596 3941 1618 3972 ,
1676 3894 1900 3959 faciem
1955 3898 2177 3959 autem

640 4024 858 4073 meam
878 4023 1009 4070 non
1036 4003 1301 4070 videbis.
1331 4024 1363 4062 ι)
1400 3999 1760 4066 Posteriora
1783 4004 1938 4065 sunt
1969 4001 2181 4067 humi·

638 4115 802 4180 liora
845 4130 995 4197 quae
1044 4112 1112 4175 in
1161 4127 1349 4177 carne
1399 4109 1618 4191 gessit.
1670 4107 1829 4175 Item
1882 4109 2179 4175 videmus

596 4258 602 4265 -
639 4220 842 4285 Deum
863 4218 1090 4283 nonin
1116 4216 1382 4293 lumine,
1413 4215 1524 4280 sed
1550 4215 1733 4298 quasi
1761 4216 1828 4278 in
1855 4233 2011 4281 voce
2027 4217 2179 4281 obs-

638 4344 813 4393 curae
837 4323 1242 4407 cognitionis,
1274 4328 1337 4387 et
1357 4322 1796 4403 intelligentiae
1813 4323 2174 4389 humanae⁴z

642 4457 675 4498 ι
701 4435 1098 4518 Aspiciebam
1128 4433 1195 4495 in
1224 4430 1470 4496 visione
1508 4431 1738 4510 noctiS‚
1768 4434 1833 4495 et
1858 4448 2000 4496 ecce
2027 4450 2178 4497 cum

635 4542 916 4608 nubibus
941 4539 1279 4623 coeliquasi
1305 4538 1475 4605 filius
1499 4539 1777 4603 hominis
1803 4539 2120 4618 veniebat,
2137 4562 2169 4599 ι»

634 4654 752 4721 etc.
785 4649 943 4715 Tam
964 4648 1238 4713 obscura
1269 4647 1440 4712 enim
1465 4650 1619 4712 sunt
1642 4647 1976 4727 naturalia,
2005 4649 2178 4730 quod

634 4757 944 4843 quidquid
996 4755 1077 4821 de
1125 4754 1253 4820 Deo
1316 4754 1761 4836 cognoscimus
1781 4802 1799 4834 ,
1859 4758 2040 4837 quasi
2105 4757 2177 4820 in

632 4869 816 4930 nocte
844 4862 1157 4929 videmus..
1189 4860 1276 4925 De
1302 4861 1423 4925 hac
1448 4865 1632 4925 nocte
1658 4861 1963 4926 dicitur⁸t
2004 4885 2036 4922 α
2056 4860 2178 4926 Per

633 4977 883 5037 noctem
925 4968 1198 5052 quaesivi
1225 4986 1417 5051 quem
1454 4966 1668 5050 diligit
1698 4968 1914 5035 anima
1941 4987 2104 5035 mea.
2135 4992 2167 5029 ι»

633 5078 979 5162 Gregorius
1006 5078 1029 5114 ⁸
1060 5097 1080 5145 z
1115 5099 1146 5138 α
1170 5075 1291 5142 Per
1326 5080 1588 5141 noctem·
1619 5077 1994 5159 quaerimus,
2023 5078 2177 5160 quia

633 5187 749 5254 etsi
778 5188 920 5271 ,iam
954 5186 1024 5250 in
1055 5184 1164 5250 illo
1200 5201 1381 5249 mens
1419 5182 1670 5265 vigilat,
1701 5187 1915 5248 tamen
1947 5185 2174 5249 oculus

696 5316 715 5351 ¹
741 5315 907 5376 Ioum,
933 5323 1050 5375 nn,
1080 5313 1159 5363 16.
1189 5338 1245 5350 —
1283 5311 1303 5342 ²
1343 5312 1359 5361 Ι
1390 5310 1530 5374 Corn,
1559 5322 1685 5372 1111,
1722 5312 1800 5362 ¹2.
1831 5339 1888 5349 —
1925 5311 1948 5347 ⁸
1984 5310 2174 5373 swod..

635 5396 835 5450 snut,
870 5387 951 5437 23.
982 5410 1046 5424 —
1083 5383 1107 5420 ὅ
1139 5385 1292 5448 Dan„
1326 5395 1427 5445 vn,
1455 5385 1534 5434 13.
1564 5406 1627 5447 -τ
1657 5383 1680 5419 ⁸
1715 5381 1882 5441 Cant„
1911 5394 2002 5446 ιιι,
2034 5389 2082 5433 ¹.
2114 5409 2171 5420 -

636 5459 657 5489 ⁸
678 5459 854 5521 Greg„
882 5459 936 5505 in
965 5456 1179 5519 Evam„
1201 5456 1344 5507 hom.
1371 5466 1495 5516 xxv,
1523 5468 1575 5505 n.
1607 5457 1653 5505 2.
1683 5479 1746 5492 —
1770 5454 1793 5491 ⁷
1819 5453 1995 5516 Num..
2023 5466 2171 5519 mv,

638 5532 714 5581 17.
753 5555 817 5568 —
865 5530 886 5560 ⁸
927 5529 1059 5585 Act..
1104 5539 1211 5592 vu,
1251 5530 1331 5580 55.
1377 5554 1432 5564 —
1476 5527 1501 5562 ⁸
1544 5526 1690 5589 Gen„
1735 5537 1938 5589 xxvia,
1990 5530 2067 5579 14.
2109 5552 2171 5565 —

1737 529 2158 599 SERMONES
2199 530 2301 599 DE
2339 528 2738 598 TEMPORE.

2290 667 2504 733 adhuc
2527 667 2786 751 caligat.
2830 688 2861 729 n
2893 666 3052 733 Item
3089 666 3387 735 videmus
3422 688 3602 737 nunc
3625 673 3834 741 Deum

2290 794 2419 842 non
2446 795 2663 861 prope,
2693 778 2805 843 sed
2831 778 3014 861 quasi
3037 796 3076 842 a
3102 777 3298 861 longe
3324 797 3439 862 per
3464 781 3833 849 distantiam

2290 884 2854 966 dissimilitudinis,
2897 886 3005 951 vel
3047 887 3399 953 aversionis
3422 888 3444 923 ⁷
3481 908 3499 952 ε
3529 911 3563 951 ι
3585 887 3837 959 Videbo

2289 1009 2471 1071 eum,
2512 993 2618 1058 sed
2660 1010 2787 1059 non
2824 993 3015 1060 modo
3041 1014 3060 1073 3
3089 994 3388 1059 intuebor
3430 994 3617 1061 illum
3646 1045 3664 1077 ,
3724 998 3837 1063 sed

2289 1117 2423 1166 non
2449 1118 2667 1184 prope.
2697 1122 2729 1161 ι»

2371 1207 2456 1273 De
2481 1208 2845 1275 secundo⁸;
2878 1207 3303 1275 «Eccevideo
3330 1210 3835 1296 coelosapertos,

2288 1321 2351 1381 et
2375 1315 2593 1381 Jesum
2618 1320 2888 1382 stantem
2905 1365 2924 1397 ,
2952 1338 2985 1378 ι
3019 1318 3206 1400 quasi
3249 1322 3541 1400 paratum
3566 1321 3655 1386 ad
3682 1341 3828 1388 sus-

2287 1423 2341 1487 ci
2348 1423 2643 1506 piendam
2670 1424 2954 1489 animam
2990 1442 3199 1489 meam
3230 1446 3246 1489 :
3278 1426 3446 1491 sicut
3489 1426 3567 1491 de
3610 1429 3840 1496 multis

2287 1531 2517 1595 sanctis
2542 1531 2798 1612 legitur,
2825 1531 2941 1613 qui
2968 1531 3272 1597 viderunt
3296 1532 3497 1599 Deum
3525 1535 3599 1600 in
3622 1541 3844 1603 extre·

2286 1638 2433 1706 mis.
2448 1635 2780 1715 Quomodo
2793 1642 3009 1704 autem
3026 1644 3345 1705 mereatur
3360 1641 3573 1709 videre
3596 1643 3835 1726 Deum,

2283 1743 2722 1825 significatum
2769 1750 2866 1811 est
2896 1751 2944 1826 ⁹,
2992 1745 3100 1810 ubi
3139 1745 3379 1829 legitur
3417 1750 3593 1832 quod
3634 1751 3840 1819 Jacob

2285 1869 2649 1935 supponens
2672 1853 2950 1938 lapidem
2974 1856 3184 1940 capiti,
3214 1856 3539 1939 dormivit,
3566 1865 3640 1926 et
3672 1861 3839 1927 vidit

2285 1959 2517 2025 scalam
2554 1965 2929 2043 tangentem
2964 1962 3187 2043 coelos,
3231 1967 3297 2029 et
3333 1965 3688 2033 Dominum
3728 1969 3837 2034 in-

2284 2066 2515 2133 nixum
2534 2069 2743 2135 scalae.
2770 2091 2803 2129 n
2838 2070 3107 2135 Attende
3141 2072 3299 2154 quid
3338 2073 3418 2137 de
3447 2071 3671 2157 lapide
3688 2124 3713 2155 ‚
3770 2082 3843 2143 et

2284 2174 2365 2240 de
2389 2176 2586 2257 scala,
2615 2181 2683 2241 et
2701 2177 2779 2243 de
2802 2178 3073 2260 angelis,
3100 2183 3164 2243 et
3189 2178 3268 2244 de
3296 2180 3562 2247 Domino
3584 2183 3842 2251 dicitur

2286 2282 2411 2348 hic.
2459 2283 2647 2367 Lapis
2689 2284 2917 2351 duram
2961 2290 3025 2349 et
3062 2304 3331 2368 gravem
3381 2287 3843 2370 poenitentiam

2284 2389 2623 2472 significat.
2654 2389 2838 2456 Hunc
2863 2391 3137 2474 lapidem
3162 2392 3451 2459 diabolus
3489 2394 3557 2460 in
3586 2416 3841 2481 panem

2286 2498 2731 2563 consolationis
2756 2498 3028 2565 carnalis
3056 2499 3195 2564 vult
3223 2502 3384 2565 verti
3412 2502 3460 2543 ¹⁶
3501 2520 3520 2567 ε
3552 2526 3588 2565 ι
3612 2504 3735 2570 Dic
3766 2512 3845 2573 ut

2285 2604 2523 2688 lapides
2566 2605 2671 2670 isti
2713 2624 2909 2688 panes
2936 2608 3114 2672 fiant.
3138 2629 3170 2667 ι
3199 2606 3507 2676 Dormitio
3546 2617 3844 2679 mortem

2283 2712 2646 2795 significat3
2678 2712 2970 2779 Psalmus
3000 2715 3038 2751 ¹¹
3070 2732 3131 2779 τι(
3162 2714 3237 2779 ln
3264 2733 3419 2799 pace
3447 2716 3845 2803 inidipsum

2282 2819 2596 2884 dormiam
2614 2866 2634 2900 ,
2676 2825 2741 2886 et
2772 2821 3194 2905 requiescam.
3232 2844 3264 2884 ι
3298 2822 3507 2908 Super
3544 2825 3845 2910 lapidem

2283 2943 2445 3007 ergo
2462 2925 2730 3006 dormit,
2751 2929 2861 3012 qui
2890 2929 2959 2993 in
2978 2930 3349 3013 poenitentia
3370 2931 3536 2996 dura
3554 2932 3844 3000 decedit.

2284 3033 2407 3103 Per
2431 3035 2666 3101 scalam
2693 3036 3012 3103 virtutum
3034 3037 3276 3120 gradus
3296 3038 3735 3122 significatur.
3770 3043 3865 3121 lu,

2282 3143 2450 3209 scala
2479 3145 2609 3210 duo
2639 3144 2816 3226 ligna
2844 3145 3219 3230 principalia
3242 3146 3430 3225 sunt',
3458 3165 3650 3215 amor
3684 3149 3844 3229 Dei,

2282 3255 2348 3315 et
2376 3252 2648 3333 proximi
2674 3274 2693 3331 ;
2723 3253 2965 3334 gradus
2990 3270 3146 3318 vero
3166 3301 3188 3332 ,
3235 3268 3459 3319 omnes
3504 3253 3654 3319 aliae
3706 3257 3850 3321 vir-

2282 3362 2471 3422 tutes.
2503 3356 2569 3422 Si
2598 3359 2766 3423 hanc
2801 3359 3039 3425 scalam
3082 3359 3490 3425 fabricaveris
3518 3361 3689 3427 dum
3739 3366 3845 3429 vi-

2282 3464 2413 3544 vis,
2444 3468 2600 3529 tunc
2630 3464 2700 3529 in
2732 3482 2957 3530 somno
2994 3468 3217 3531 mortis
3255 3485 3399 3532 eam
3427 3467 3744 3547 babebis,
3778 3475 3849 3537 et

2281 3571 2546 3653 angelos
2573 3590 2690 3655 pro
2720 3576 2834 3637 tua
2866 3574 3071 3639 salute
3098 3573 3506 3639 ascendentes
3517 3622 3541 3655 ,
3585 3579 3659 3639 et
3709 3577 3844 3644 Do-

2284 3677 2535 3742 minum
2555 3682 2731 3743 tuam
2760 3680 3044 3745 animam
3071 3680 3517 3765 suscipientem
3546 3681 3839 3750 videhiS.

2282 3784 2459 3851 Sicut
2484 3791 2700 3851 autem
2727 3787 2819 3869 pii
2860 3787 3245 3871 quandoque
3272 3787 3491 3854 vident
3514 3789 3584 3853 in
3613 3798 3851 3858 morte

2283 3913 2402 3959 sua
2447 3892 2832 3971 Dominum,
2882 3894 2977 3958 sic
3016 3898 3080 3959 et
3112 3894 3295 3977 impii
3333 3896 3741 3979 quandoque
3777 3901 3851 3964 in

2288 4005 2491 4065 morte
2516 4019 2634 4065 sua
2673 4000 2894 4066 vident
2918 3999 3248 4065 dominum
3269 4048 3291 4080 ‚
3323 4000 3560 4067 scilicet
3598 4004 3849 4071 diabo-

2282 4108 2444 4173 lum.
2475 4106 2655 4173 Unde
2665 4106 2744 4171 de
2761 4106 3042 4190 quodam
3066 4107 3248 4172 beato
3268 4106 3613 4192 Gregorius
3628 4112 3737 4177 ait
3753 4114 3802 4150 ¹¹
3828 4137 3846 4178 ε

2290 4240 2321 4278 α
2351 4214 2786 4297 Eccejuvenis
2827 4232 3066 4297 parvus
3104 4215 3449 4281 draconem
3483 4216 3690 4298 vidit,
3734 4221 3849 4286 cui

2283 4322 2549 4387 servivit
2576 4322 2647 4385 in
2675 4322 2826 4385 vita.
2858 4345 2888 4382 υ

2362 4428 2451 4493 De
2489 4429 2675 4493 tertio
2725 4429 2769 4465 ¹³
2800 4450 2816 4493 z
2847 4451 2878 4490 α
2902 4427 3076 4493 Beati
3096 4430 3350 4495 'mundo
3385 4431 3604 4512 corde,
3646 4454 3682 4495 ι
3714 4441 3844 4502 etc.

2282 4536 2689 4617 Augustinus
2734 4537 2778 4593 ¹.⁸

2280 4641 2537 4722 Notate,
2567 4643 2923 4708 charissimi
2948 4691 2967 4723 ,
2996 4645 3052 4708 si
3096 4649 3227 4710 tam
3252 4645 3708 4714 ardentissime
3736 4651 3844 4715 di·

2281 4751 2509 4831 ligitur
2527 4751 2692 4817 Deus
2721 4751 2793 4815 in
2814 4751 3112 4834 praesenti
3132 4753 3214 4816 ab
3239 4752 3451 4818 electis
3469 4754 3627 4834 suis»,
3656 4759 3849 4840 quod

2280 4858 2559 4939 ferrum,
2588 4863 2653 4922 et
2678 4858 2928 4939 ignem,
2957 4863 3023 4925 et
3060 4877 3252 4925 omne
3291 4878 3499 4942 genus
3534 4866 3844 4931 tormen-

2280 4970 2497 5031 torum
2530 4967 2733 5049 parati
2760 4970 2915 5033 sunt
2948 4967 3261 5031 sustinere
3288 4984 3406 5050 pro
3432 4969 3605 5051 ipso,
3650 4972 3847 5055 quod

2279 5080 2515 5161 tamen„
2537 5094 2712 5140 nunc
2754 5082 2886 5140 tam
2947 5076 3270 5141 modicum
3318 5075 3592 5155 videtur,
3665 5081 3841 5162 quid

2279 5184 2401 5248 erit
2427 5184 2494 5249 in
2517 5183 2707 5263 coelo,
2734 5182 2847 5249 ubi
2874 5201 3006 5249 non
3034 5201 3147 5267 per
3172 5183 3536 5266 speculum,
3570 5184 3690 5250 sed
3718 5205 3845 5270 per

2283 5384 2321 5418 ¹⁰
2363 5361 2564 5441 Maria„
2613 5395 2684 5447 ιν,
2726 5384 2774 5432 3.
2802 5408 2864 5421 -
2903 5383 2938 5418 ¹¹
2987 5381 3125 5434 Psaz.
3165 5394 3236 5447 ιν,
3273 5385 3320 5435 9.
3360 5408 3422 5421 —
3468 5384 3510 5418 ¹²
3545 5384 3741 5449 Greg-⁹
3785 5389 3843 5438 in

2279 5454 2493 5519 Ευαηρ..
2520 5455 2663 5507 hom.
2684 5465 2792 5514 xix,
2820 5467 2875 5504 n.
2900 5456 2948 5503 7.
2974 5480 3036 5492 -
3059 5453 3103 5490 ¹⁸
3128 5454 3332 5515 naeth„
3360 5466 3408 5517 v,
3439 5456 3489 5507 8.
3513 5480 3575 5494 -
3599 5456 3639 5492 ¹⁸
3669 5459 3839 5523 Aug„

2279 5528 2334 5577 in
2360 5524 2500 5579 Psal.
2528 5538 2613 5589 xc,
2642 5540 2789 5579 conc.
2822 5537 2882 5590 ιι,
2907 5539 2961 5577 n.
2998 5528 3074 5577 13.

2835 4558 2850 4601 ε
2894 4560 2927 4598 α
2954 4536 3112 4603 Tota
3139 4556 3383 4603 merces
3427 4544 3523 4604 est
3564 4539 3772 4608 visio.
3806 4567 3839 4605 s
3924 4554 3935 4562 ·
