4059 6317
939 538 1315 607 DOMINICA
1354 540 1439 607 IV
1478 541 1560 608 IN
1601 538 2253 621 QUADRAGESIMA.
2299 542 2564 612 SERMO
2607 544 2657 611 Ι.

215 670 440 737 tionem
455 672 900 739 ‘manifestetur
915 692 935 739 ε
951 673 1234 759 alioquin
1251 694 1380 741 non
1396 680 1493 741 est
1501 676 1742 759 dignus

215 780 383 865 sequi
395 798 548 846 eum
560 778 643 847 ad
663 799 963 847 coronam
965 830 988 863 ,
1018 783 1155 848 sine
1179 783 1417 849 vexillo
1433 783 1740 850 victoriae.

216 889 381 954 Unde
403 893 548 972 post
572 888 1081 955 exhortationem
1107 890 1446 973 subjungit
1473 891 1747 956 retribu-

217 995 443 1061 tionem
465 1044 485 1074 ,
522 1013 678 1059 cum
710 996 906 1062 dicit:
947 1020 977 1058 ιι
1019 996 1141 1076 Qui
1179 998 1424 1063 invenit
1460 998 1744 1062 animam

217 1121 386 1167 suam
401 1103 622 1186 perdet
637 1122 804 1169 eam.
827 1125 859 1164 ι)
878 1104 1035 1169 Item
1057 1104 1173 1187 qui
1183 1104 1539 1188 patibulum
1566 1124 1746 1170 mor-

219 1209 565 1276 tificationis
577 1211 783 1276 crucis
795 1212 1077 1294 negligit
1092 1229 1440 1292 assumere,
1462 1217 1752 1295 expectet

219 1334 342 1382 snae
367 1318 916 1384 exterminationis
931 1319 1273 1403 judicium.
1296 1319 1420 1384 Sed
1443 1319 1747 1404 «quiper-

219 1427 302 1492 dit
317 1426 600 1491 animam
617 1445 805 1492 suam
823 1430 1080 1511 propter
1092 1445 1222 1506 me,
1236 1427 1518 1493 inveniet
1534 1446 1742 1508 eam,»

219 1534 278 1598 id
301 1536 412 1613 eut,
425 1534 543 1616 qui
568 1552 829 1600 carnem
843 1553 1027 1599 suam
1044 1534 1363 1615 crucifigit
1384 1552 1534 1599 cum
1549 1535 1743 1614 vitiis,

220 1648 279 1707 et
300 1642 839 1724 concupiscentiis,
863 1644 1245 1709 assumendo
1271 1642 1581 1709 vexillum
1614 1643 1745 1708 vic-

220 1749 411 1829 toriae,
441 1753 728 1833 expectet
760 1768 898 1815 suae
934 1750 1355 1816 coronationis
1379 1750 1745 1834 praemium.

293 1855 593 1939 Sequitur
634 1877 649 1920 :
701 1856 905 1940 Super
927 1859 1030 1924 his
1056 1859 1171 1941 qm·
1195 1857 1697 1938 infirmabantur
1725 1874 1749 1921 :

224 1963 326 2028 ubi
349 1964 627 2030 secundo
651 1969 914 2030 notatur
931 1965 1234 2030 humanae
1252 1964 1625 2029 calamitatis
1647 1963 1748 2028 de·

225 2071 523 2153 signatio,
574 2076 639 2136 et
675 2073 832 2155 quia
857 2076 1026 2152 ,tunc
1068 2072 1374 2155 temporis
1411 2071 1751 2136 infirmitas

226 2178 490 2244 exterior
514 2182 654 2244 erat
679 2180 943 2261 signum
971 2178 1359 2244 infirmitatis
1405 2178 1747 2243 interioris.

228 2282 375 2349 Nam
404 2285 660 2351 nullum
697 2286 952 2351 curavit
977 2287 1292 2351 Dominus
1315 2286 1747 2368 corporaliter,

225 2410 400 2474 quem
431 2394 644 2476 primo
671 2412 804 2459 non
830 2397 1082 2458 curaret
1124 2393 1555 2476 spiritualiter.
1605 2392 1753 2459 ldeo

226 2501 472 2565 nomine
500 2501 906 2574 ‚infirmitatis
943 2501 1291 2585 corporalis
1337 2504 1541 2585 potest
1586 2501 1750 2566 desi-

227 2609 396 2689 gnari
421 2607 753 2674 calamitas
767 2657 785 2689 ,
828 2609 964 2675 sive
988 2609 1332 2673 infirmitas
1373 2608 1715 2692 spiritualis
1730 2656 1747 2689 ,

229 2720 466 2798 propter
511 2716 798 2800 aliquam
840 2715 1347 2781 convenientiam
1393 2733 1588 2798 quam
1630 2716 1750 2780 ha-

231 2822 365 2886 bent
389 2823 470 2887 ad
495 2824 802 2888 invicem.
835 2822 997 2889 Nam
1024 2823 1189 2887 sicut
1216 2822 1614 2905 inaequalitas
1635 2823 1757 2888 hu-

236 2947 466 2995 morum
494 2935 592 2994 est
615 2948 811 2995 causa
831 2931 1219 2994 infirmitatis
1246 2930 1591 3013 corporalis
1618 2980 1636 3010 ,
1665 2931 1755 2996 sic

232 3035 550 3101 infirmitas
577 3037 929 3120 spiritualis
966 3041 1267 3101 causatur
1292 3055 1376 3102 ex
1413 3037 1751 3119 ina-,quali-

233 3148 344 3208 tate
355 3193 372 3225 ,
391 3145 532 3209 sive
547 3143 1013 3210 inordinatione
1029 3150 1306 3227 quatuor
1321 3145 1750 3225 affectionum,

231 3267 360 3332 quae
411 3255 563 3315 sunt
609 3251 717 3315 hae
749 3271 765 3314 ε
797 3268 970 3333 spes,
1015 3251 1228 3331 timor,
1279 3251 1593 3333 gaudium
1616 3300 1635 3330 ‚
1692 3258 1758 3318 et

230 3375 414 3423 amor.
445 3358 663 3424 Primo
681 3406 705 3437 ‚
751 3362 1011 3441 propter
1044 3358 1626 3440 pusillanimitatem
1669 3360 1754 3424 ti-

231 3466 409 3529 moris
433 3469 499 3530 et
519 3464 922 3542 diffidentiae,
961 3469 1258 3529 causatur
1281 3466 1624 3531 infirmitas
1649 3468 1753 3532 in-

229 3573 579 3637 constantiae
596 3575 660 3637 et
683 3571 1174 3654 desperationis;
1199 3574 1476 3639 secundo
1498 3580 1757 3659 propter

232 3679 531 3760 gaudium
549 3684 612 3743 et
633 3677 1089 3743 exultationem
1113 3678 1475 3745 afflictionis
1497 3682 1751 3761 alienae,

231 3791 514 3850 causatur
544 3785 887 3849 infirmitas
911 3785 1175 3850 invidiae
1202 3790 1266 3851 et
1288 3788 1606 3869 rancoris;
1634 3795 1755 3854 ter·

230 3893 308 3957 tio
325 3942 344 3972 ,
373 3898 630 3977 propter
657 3893 1096 3958 inordinatum
1126 3911 1412 3958 amorem
1442 3897 1756 3979 prosperi-

231 4000 361 4064 tatis
384 4001 754 4079 mundanae‚
785 4006 1084 4064 causatur
1103 4000 1440 4065 infirmitas
1463 4004 1756 4069 avaritiae

231 4112 286 4171 et
310 4107 776 4172 cumulationiS.
823 4106 1036 4172 Primo
1056 4155 1073 4182 ,
1121 4112 1381 4192 propter
1426 4110 1757 4193 pusillani-

232 4216 503 4279 mitatem
529 4215 780 4278 timoris
807 4218 870 4278 et
895 4213 1262 4279 diffidentiae
1288 4264 1307 4295 ,
1338 4223 1637 4282 causatur
1662 4219 1757 4282 in-

232 4321 485 4386 firmitas
509 4321 957 4386 inconstantiae
982 4325 1045 4385 et
1070 4322 1556 4405 desperationis3
1586 4326 1756 4392 unde

236 4426 446 4493 dicitur
472 4432 493 4464 ¹
525 4446 543 4492 ε
584 4451 617 4490 α
643 4427 893 4493 Videbit
919 4427 1090 4511 quod
1132 4429 1456 4495 infirmata
1499 4432 1580 4495 sit
1625 4450 1760 4497 ma-

237 4551 374 4611 nus,
402 4535 603 4600 clausi
645 4552 904 4618 quoque
945 4534 1348 4615 defecerunt,
1398 4538 1759 4622 residuique

239 4644 580 4727 consumpti
605 4647 782 4707 sunt.
808 4664 840 4701 ι)
875 4642 1222 4723 Infirmata
1246 4647 1343 4709 est
1369 4662 1602 4714 manus
1631 4648 1758 4712 vir-

239 4750 419 4813 tuosae
446 4748 866 4832 operationis;
894 4748 1261 4829 defecerunt
1287 4751 1495 4821 clausi
1521 4757 1590 4818 in
1617 4773 1757 4820 car-

241 4872 364 4920 cere
387 4855 753 4920 diffidentiae
780 4861 842 4918 et
869 4856 1355 4939 desperationis3
1386 4861 1758 4946 residuique

243 4963 582 5044 consumpti
603 4967 760 5028 sunt
789 4979 905 5044 per
931 4963 1444 5030 ardentissimam
1470 4968 1759 5037 diffusio-

243 5085 376 5132 nem
398 5087 589 5152 super
611 5086 891 5152 quaeque
914 5086 1156 5150 genera
1179 5079 1604 5153 peccatorum.
1635 5078 1758 5144 Sed

245 5172 312 5237 de
333 5174 453 5238 illis
473 5224 494 5253 ,
536 5176 648 5258 qui
682 5174 1039 5239 liberantur
1081 5177 1161 5240 ab
1203 5177 1314 5244 illa
1350 5180 1718 5251 infirmitate
1734 5237 1751 5269 ,

245 5286 430 5360 potest
449 5280 686 5365 exponi
712 5279 877 5345 illud
892 5281 917 5316 ³
952 5300 971 5344 t
1002 5303 1034 5341 α
1058 5281 1264 5348 Arcus
1284 5286 1546 5354 tortium
1571 5311 1760 5377 supe-

247 5391 563 5465 tameat,
595 5386 1213 5457 etinfirmiaccincti
1248 5395 1399 5457 sunt
1437 5396 1687 5465 robore.
1718 5425 1749 5464 ι»

303 5514 496 5578 went„
515 5524 687 5580 xxm,
711 5516 793 5567 30.
816 5541 870 5553 --
898 5513 962 5565 Ἰ
993 5512 1132 5580 Rev..
1160 5526 1218 5581 11,
1244 5519 1292 5568 4.
1321 5547 1374 5562 -
1397 5521 1421 5556 ⁸
1440 5523 1580 5576 Ptol.
1609 5538 1756 5596 xxv1,

3273 553 3382 613 171

1855 679 2064 745 Arcus
2088 680 2360 760 fortium
2377 728 2397 759 ‚
2427 680 2491 745 id
2509 682 2641 760 est,
2673 680 3039 746 daemonum
3065 698 3084 747 t
3112 682 3391 747 multum

1853 784 2028 848 enim
2058 786 2352 851 nituntur
2377 786 2701 852 daemones
2727 806 2876 852 cum
2907 788 3029 853 isto
3054 806 3208 853 arcu
3232 787 3394 853 diffi-

1853 893 2085 956 dentiae
2113 896 2176 957 et
2200 893 2655 977 desperationis
2695 895 3002 976 sagittare
3037 895 3291 961 timidos
3330 902 3396 961 et

1855 998 2200 1063 imbecilles
2237 999 2573 1080 homines3
2618 1001 2728 1065 sed
2761 1001 3017 1083 quando
3057 1007 3395 1085 superatus

1855 1110 1953 1169 est
1998 1124 2187 1170 arcus
2231 1107 2338 1171 ille
2380 1125 2493 1191 per
2545 1108 3119 1174 considerationem
3155 1109 3391 1175 divinae

1855 1214 2264 1295 benignitatis
2282 1262 2300 1294 ‚
2361 1231 2507 1298 quae
2554 1217 2755 1298 parcit
2808 1215 3096 1296 faciliter,
3152 1217 3396 1282 infirmi

1856 1324 2195 1385 resumunt
2221 1321 2391 1384 vires
2409 1369 2426 1401 ,
2454 1327 2516 1385 et
2541 1323 2968 1404 accinguntur
2996 1324 3226 1389 robore
3253 1344 3401 1390 con-

1855 1428 2156 1493 fidentiae.
2177 1426 2257 1491 Et
2278 1426 2357 1491 de
2377 1428 2495 1493 hoc
2513 1429 2745 1494 dicitur
2760 1430 2831 1493 in
2856 1429 3106 1495 Psalmo
3123 1432 3147 1469 ⁸
3171 1453 3186 1495 :
3220 1454 3252 1493 c
3269 1430 3396 1515 Ipsi

1856 1535 2166 1600 infirmati
2207 1541 2358 1602 sunt
2382 1558 2413 1596 ιι
2446 1553 2561 1617 per
2596 1537 2893 1601 timorem
2939 1537 3305 1603 diffidentiae
3336 1542 3400 1603 et

1856 1643 2348 1726 desperationis,
2383 1666 2416 1704 α
2452 1648 2516 1707 et
2555 1644 2920 1709 ceciderunt
2939 1667 2970 1705 ιι
3015 1645 3085 1709 in
3129 1647 3395 1728 profun-

1856 1748 2014 1815 dum
2044 1756 2302 1818 aeternae
2341 1752 2789 1817 damnationis„
2821 1752 2943 1816 Sed
2966 1752 2988 1788 ⁸
3020 1775 3050 1813 ιι
3076 1752 3129 1817 si
3155 1754 3401 1818 consis-

1857 1862 1995 1923 tant
2018 1860 2326 1925 adversus
2350 1878 2454 1924 me
2478 1882 2509 1920 ιι
2546 1858 2970 1924 confidentem
2991 1861 3060 1923 in
3089 1859 3358 1926 Domino
3373 1910 3391 1941 ,

1867 1990 1899 2029 a
1933 1971 2139 2031 castra
2181 1989 2214 2028 n
2257 1966 2583 2031 diabolicae
2630 1966 2933 2049 nequitiae
2959 2014 2978 2047 ,
3032 1967 3402 2033 incutiendo

1859 2075 2156 2139 timorem
2206 2072 2660 2157 desperationis
2684 2120 2702 2152 ,
2745 2096 2776 2133 α
2803 2089 2937 2137 non
2989 2074 3240 2139 timebit
3292 2092 3402 2139 cor

1861 2200 2080 2246 meum
2106 2204 2138 2244 n
2175 2199 2289 2265 per
2334 2181 2919 2264 pusillanimitatem
2964 2180 3237 2245 timoris.
3294 2180 3405 2246 Se-

1861 2289 2071 2354 cundo
2097 2337 2118 2368 ,
2170 2295 2427 2372 propter
2472 2288 2785 2370 gaudium
2839 2292 2903 2352 et
2943 2287 3398 2353 exultationem

1860 2395 2219 2462 afflictionis
2241 2396 2465 2461 alienae
2480 2443 2502 2475 ,
2529 2399 2830 2460 causatur
2857 2395 3200 2459 infirmitas
3227 2395 3397 2459 invi-

1860 2505 1984 2570 diae
2011 2509 2078 2569 et
2101 2505 2418 2583 rancoris;
2447 2504 2619 2570 unde
2643 2504 2874 2570 dicitur
2903 2504 2927 2540 ⁸
2958 2524 3019 2567 :a
3042 2500 3403 2584 AEgrotavit

1859 2611 1991 2677 Aza
2015 2612 2231 2677 dolore
2267 2612 2504 2694 pedum
2541 2610 3099 2678 vehementissimo
3120 2657 3137 2689 ,
3179 2612 3243 2673 et
3285 2626 3406 2674 nec

1859 2718 1928 2782 in
1977 2718 2348 2782 infirmitate
2402 2735 2521 2782 sua
2566 2716 2903 2800 requisivit
2955 2716 3328 2781 Dominum.
3359 2737 3392 2776 ι»

1860 2827 1991 2892 Aza
2012 2875 2030 2906 ,
2060 2827 2303 2891 ratione
2331 2842 2466 2890 suae
2494 2824 2908 2903 infirmitatis,
2940 2824 3174 2888 scilicet
3200 2824 3396 2905 poda-

1861 2951 2001 3015 grae
2023 2982 2039 3014 ,
2099 2935 2303 3015 potest
2358 2932 2619 3013 signare
2690 2930 3016 2995 hominem
3079 2929 3398 2995 invidum.

1861 3040 2022 3105 Nam
2060 3040 2224 3103 sicut
2261 3038 2643 3121 podagricus
2683 3037 2889 3120 perdit
2930 3055 3229 3119 gressum
3264 3054 3407 3102 cor-

1862 3148 2146 3232 poralem
2162 3195 2183 3226 ‚
2208 3147 2299 3210 sic
2318 3145 2580 3211 invidus
2598 3144 2952 3226 profectum
2972 3143 3401 3227 spiritualem3

1861 3255 2074 3319 necin
2101 3252 2473 3317 infirmitate
2502 3269 2617 3316 sua
2644 3251 2905 3316 invidus
2927 3250 3265 3334 requisivit
3292 3249 3408 3316 Do-

1862 3365 2114 3426 minum
2156 3364 2413 3444 propter
2457 3358 2938 3424 difformitatem
2983 3375 3120 3422 suae
3170 3358 3407 3423 volun-

1865 3471 2009 3533 tatis
2036 3469 2114 3533 ad
2144 3467 2450 3532 divinam.
2483 3466 2570 3531 De
2598 3452 2724 3532 lioc
2748 3466 3037 3530 similiter
3064 3465 3295 3531 dicitur
3326 3467 3349 3502 ⁸
3383 3484 3400 3528 ε

1872 3602 1902 3640 α
1935 3578 2034 3642 Tu
2087 3581 2304 3643 autem
2356 3577 2702 3659 aegrotabis
2756 3575 3073 3658 languore
3125 3575 3405 3658 pessimo

1863 3685 2028 3750 uteri
2047 3734 2064 3766 ‚
2096 3685 2297 3750 donec
2322 3684 2736 3766 egrediantur
2777 3682 2996 3749 vitalia
3019 3686 3136 3747 tua
3163 3682 3407 3765 jpaula-

1862 3793 1977 3857 tim
2005 3811 2120 3875 per
2145 3792 2432 3873 singulos
2458 3791 2612 3856 dies,
2643 3811 2675 3850 n
2703 3789 2781 3854 Et
2808 3789 3100 3872 sequitur
3129 3811 3145 3852 z
3177 3811 3208 3850 α
3238 3789 3405 3855 Mor-

1861 3904 2015 3964 tuus
2064 3903 2164 3965 est
2205 3899 2277 3962 in
2321 3898 2693 3962 infirmitate
2734 3897 3031 3981 pessima.
3074 3918 3103 3955 n
3142 3896 3405 3962 Invidus

1862 4011 2041 4072 tanto
2068 4007 2385 4089 languore
2409 4005 2632 4070 livoris
2650 4004 2930 4082 tabescit,
2954 4008 3017 4067 et
3044 4007 3400 4084 torquetur,

1863 4115 2121 4198 quando
2147 4115 2356 4178 bonus
2380 4113 2660 4197 proficit,
2694 4114 2768 4177 ut
2793 4112 3136 4176 videantur
3163 4111 3288 4174 sibi
3316 4111 3406 4176 vi-

1863 4242 2037 4288 scera
2065 4222 2144 4288 de
2172 4240 2290 4287 suo
2322 4225 2548 4286 ventre
2574 4220 2751 4285 exire
2774 4242 2790 4298 ;
2822 4223 2883 4284 et
2919 4219 3010 4282 sic
3037 4219 3311 4283 moritur
3338 4217 3407 4282 in

1864 4331 2232 4395 infirmitate
2282 4330 2559 4413 pessima
2606 4331 2863 4411 propter
2909 4325 3230 4410 putridam
3279 4344 3402 4408 pu-

1862 4439 2299 4502 trefactionem
2344 4434 2539 4501 totius
2584 4434 2886 4499 hominis.
2932 4430 3096 4498 Nam
3137 4431 3406 4514 putredo

1864 4545 2106 4610 ossium
2134 4548 2229 4607 est
2253 4542 2516 4607 invidia.
2560 4540 2773 4605 Tertio
2791 4586 2808 4616 ‚
2860 4542 3120 4622 propter
3162 4536 3402 4601 inordi-

1865 4656 2093 4717 natum
2155 4667 2440 4714 amorem
2506 4645 2945 4732 prosperitatis
3013 4644 3363 4709 mundanae
3378 4690 3400 4723 ,

1865 4762 2166 4823 causatur
2178 4756 2512 4820 infirmitas
2530 4754 2819 4820 avaritiae
2840 4756 2905 4817 et
2917 4748 3370 4816 cumulationis
3382 4797 3400 4826 ,

1863 4863 2038 4930 unde
2062 4864 2294 4929 dicitur
2313 4870 2337 4905 ⁷
2367 4886 2383 4927 ε
2417 4886 2449 4925 α
2471 4861 2806 4943 Peregrini
2832 4860 2944 4942 qui
2971 4859 3050 4923 de
3075 4857 3271 4938 longe
3301 4875 3406 4920 ve-

1866 4973 2118 5049 nerint,
2155 4972 2443 5036 videntes
2484 4970 2708 5053 plagas
2743 4973 2934 5032 terrae
2978 4965 3180 5043 illius,
3212 4968 3276 5027 et
3302 4963 3402 5025 in-

1864 5080 2198 5144 firmitates
2241 5080 2478 5163 quihus
2525 5096 2668 5142 eam
2714 5073 3010 5140 afflixerit
3061 5071 3401 5147 Dominus,

1866 5188 2174 5272 sulphure
2209 5192 2273 5252 et
2299 5186 2447 5251 salis
2477 5184 2703 5250 ardore
2747 5182 3124 5246 comburens
3143 5227 3162 5259 ‚
3205 5178 3296 5241 ita
3332 5180 3407 5241 ut

1868 5299 2040 5363 ultra
2065 5314 2195 5361 non
2220 5298 2492 5374 seratur,
2517 5311 2637 5358 nec
2662 5292 2879 5357 virens
2904 5289 3237 5376 quippiam
3264 5303 3407 5370 ger-

1867 5463 1915 5511 2.
1941 5485 2006 5497 —
2031 5457 2051 5489 ⁴
2081 5455 2229 5519 ibid„
2257 5456 2303 5506 3.
2325 5480 2386 5493 —
2410 5453 2433 5490 ⁸
2466 5455 2507 5504 ΙΙ
2536 5453 2730 5518 Parae„
2753 5464 2860 5515 xvi,
2897 5452 2975 5503 ¹2.
3001 5476 3066 5489 —
3087 5450 3107 5482 ⁶
3137 5449 3177 5500 11
3209 5444 3405 5501 Par-al..

1868 5541 1979 5595 xxi,
2015 5531 2094 5593 ¹5,
2123 5530 2204 5581 19.
2226 5552 2289 5567 —
2316 5528 2333 5559 ⁷
2360 5526 2533 5590 Dent„
2563 5534 2709 5589 xxix,
2735 5525 2816 5574 22.
