<?xml version="1.0" encoding="UTF-8"?>
<!DOCTYPE html PUBLIC "-//W3C//DTD XHTML 1.0 Transitional//EN"
    "http://www.w3.org/TR/xhtml1/DTD/xhtml1-transitional.dtd">
<html xmlns="http://www.w3.org/1999/xhtml" xml:lang="en" lang="en">
 <head>
  <title>
</title>
<meta http-equiv="Content-Type" content="text/html;charset=utf-8" />
  <meta name='ocr-system' content='tesseract 3.04.00' />
  <meta name='ocr-capabilities' content='ocr_page ocr_carea ocr_par ocr_line ocrx_word'/>
</head>
<body>
  <div class='ocr_page' id='page_1' title='image "./srecardinalissb02peltgoog_0353.png"; bbox 0 0 4059 6317; ppageno 0'>
   <div class='ocr_carea' id='block_1_1' title="bbox 1143 462 2554 536">
    <p class='ocr_par' dir='ltr' id='par_1_1' title="bbox 1143 462 2554 536">
     <span class='ocr_line' id='line_1_1' title="bbox 1143 462 2554 536; baseline -0.001 -5"><span class='ocrx_word' id='word_1_1' title='bbox 1143 462 1387 532; x_wconf 76' lang='lat' dir='ltr'>FERIA</span> <span class='ocrx_word' id='word_1_2' title='bbox 1424 463 1509 532; x_wconf 77' lang='lat' dir='ltr'><strong>lv</strong></span> <span class='ocrx_word' id='word_1_3' title='bbox 1547 462 2126 536; x_wconf 66' lang='lat' dir='ltr'><strong>Pmmos&#39;rffl.</strong></span> <span class='ocrx_word' id='word_1_4' title='bbox 2167 462 2432 534; x_wconf 65' lang='lat' dir='ltr'><strong>snum</strong></span> <span class='ocrx_word' id='word_1_5' title='bbox 2473 463 2554 531; x_wconf 91' lang='lat'><strong>11.</strong></span> 
     </span>
    </p>
   </div>
   <div class='ocr_carea' id='block_1_2' title="bbox 235 598 1802 5200">
    <p class='ocr_par' dir='ltr' id='par_1_2' title="bbox 254 598 1797 1324">
     <span class='ocr_line' id='line_1_2' title="bbox 254 598 1793 678; baseline -0.001 -11"><span class='ocrx_word' id='word_1_6' title='bbox 254 600 624 678; x_wconf 78' lang='lat' dir='ltr'><strong>Dominum,</strong></span> <span class='ocrx_word' id='word_1_7' title='bbox 656 615 907 666; x_wconf 79' lang='lat' dir='ltr'><strong>veneno</strong></span> <span class='ocrx_word' id='word_1_8' title='bbox 928 598 1237 666; x_wconf 78' lang='lat' dir='ltr'><strong>vitiomm</strong></span> <span class='ocrx_word' id='word_1_9' title='bbox 1258 602 1726 668; x_wconf 75' lang='lat' dir='ltr'><strong>contractomm</strong></span> <span class='ocrx_word' id='word_1_10' title='bbox 1751 618 1793 665; x_wconf 89' lang='lat' dir='ltr'><strong>a</strong></span> 
     </span>
     <span class='ocr_line' id='line_1_3' title="bbox 254 706 1788 791; baseline 0.001 -18"><span class='ocrx_word' id='word_1_11' title='bbox 254 706 1226 791; x_wconf 79' lang='lat' dir='ltr'><strong>serpentediabolo,veleane,</strong></span> <span class='ocrx_word' id='word_1_12' title='bbox 1264 710 1641 774; x_wconf 79' lang='lat' dir='ltr'><strong>seaestuare</strong></span> <span class='ocrx_word' id='word_1_13' title='bbox 1681 723 1788 774; x_wconf 87' lang='lat' dir='ltr'><strong>co-</strong></span> 
     </span>
     <span class='ocr_line' id='line_1_4' title="bbox 258 814 1793 898; baseline 0.001 -18"><span class='ocrx_word' id='word_1_14' title='bbox 258 832 593 897; x_wconf 77' lang='lat' dir='ltr'><strong>gnoscens,</strong></span> <span class='ocrx_word' id='word_1_15' title='bbox 613 814 853 880; x_wconf 77' lang='lat' dir='ltr'><strong>fontem</strong></span> <span class='ocrx_word' id='word_1_16' title='bbox 865 815 1093 898; x_wconf 76' lang='lat' dir='ltr'><strong>gratiae</strong></span> <span class='ocrx_word' id='word_1_17' title='bbox 1117 815 1457 897; x_wconf 79' lang='lat' dir='ltr'><strong>desiderat,</strong></span> <span class='ocrx_word' id='word_1_18' title='bbox 1471 815 1587 882; x_wconf 88' lang='lat' dir='ltr'><strong>nbi</strong></span> <span class='ocrx_word' id='word_1_19' title='bbox 1607 814 1793 884; x_wconf 81' lang='lat' dir='ltr'><strong>vitio-</strong></span> 
     </span>
     <span class='ocr_line' id='line_1_5' title="bbox 255 921 1793 1007; baseline 0.001 -20"><span class='ocrx_word' id='word_1_20' title='bbox 255 941 407 988; x_wconf 87' lang='lat' dir='ltr'><strong>rum</strong></span> <span class='ocrx_word' id='word_1_21' title='bbox 442 921 607 1007; x_wconf 86' lang='lat' dir='ltr'><strong>pilos</strong></span> <span class='ocrx_word' id='word_1_22' title='bbox 649 926 714 989; x_wconf 86' lang='lat' dir='ltr'><strong>et</strong></span> <span class='ocrx_word' id='word_1_23' title='bbox 741 940 981 989; x_wconf 86' lang='lat' dir='ltr'><strong>cornua</strong></span> <span class='ocrx_word' id='word_1_24' title='bbox 1014 923 1331 1007; x_wconf 76' lang='lat' dir='ltr'><strong>superbiae</strong></span> <span class='ocrx_word' id='word_1_25' title='bbox 1369 923 1682 1007; x_wconf 80' lang='lat' dir='ltr'><strong>deponat:</strong></span> <span class='ocrx_word' id='word_1_26' title='bbox 1729 926 1793 989; x_wconf 91' lang='lat' dir='ltr'><strong>et</strong></span> 
     </span>
     <span class='ocr_line' id='line_1_6' title="bbox 255 1029 1793 1114; baseline 0.001 -19"><span class='ocrx_word' id='word_1_27' title='bbox 255 1030 347 1094; x_wconf 82' lang='lat' dir='ltr'><strong>sic</strong></span> <span class='ocrx_word' id='word_1_28' title='bbox 369 1029 694 1096; x_wconf 83' lang='lat' dir='ltr'><strong>reviviscit</strong></span> <span class='ocrx_word' id='word_1_29' title='bbox 710 1030 919 1096; x_wconf 71' lang='lat' dir='ltr'><strong>sachis</strong></span> <span class='ocrx_word' id='word_1_30' title='bbox 933 1049 1142 1097; x_wconf 81' lang='lat' dir='ltr'><strong>novus</strong></span> <span class='ocrx_word' id='word_1_31' title='bbox 1160 1030 1379 1098; x_wconf 91' lang='lat' dir='ltr'><strong>homo.</strong></span> <span class='ocrx_word' id='word_1_32' title='bbox 1407 1034 1426 1069; x_wconf 85' lang='lat'>¹</span> <span class='ocrx_word' id='word_1_33' title='bbox 1447 1029 1793 1114; x_wconf 74' lang='lat' dir='ltr'><strong>‹Deponite</strong></span> 
     </span>
     <span class='ocr_line' id='line_1_7' title="bbox 255 1137 1797 1221; baseline 0.001 -19"><span class='ocrx_word' id='word_1_34' title='bbox 255 1154 372 1203; x_wconf 85' lang='lat' dir='ltr'><strong>vos</strong></span> <span class='ocrx_word' id='word_1_35' title='bbox 393 1137 746 1203; x_wconf 72' lang='lat' dir='ltr'><strong>aemndum</strong></span> <span class='ocrx_word' id='word_1_36' title='bbox 770 1138 1105 1221; x_wconf 79' lang='lat' dir='ltr'><strong>pristinam</strong></span> <span class='ocrx_word' id='word_1_37' title='bbox 1126 1139 1671 1206; x_wconf 66' lang='lat' dir='ltr'><strong>conversationem</strong></span> <span class='ocrx_word' id='word_1_38' title='bbox 1683 1157 1797 1206; x_wconf 86' lang='lat' dir='ltr'><strong>ve-</strong></span> 
     </span>
     <span class='ocr_line' id='line_1_8' title="bbox 254 1244 1025 1324; baseline 0 -14"><span class='ocrx_word' id='word_1_39' title='bbox 254 1249 456 1310; x_wconf 83' lang='lat' dir='ltr'><strong>terem</strong></span> <span class='ocrx_word' id='word_1_40' title='bbox 480 1244 833 1324; x_wconf 88' lang='lat' dir='ltr'><strong>hominem,</strong></span> <span class='ocrx_word' id='word_1_41' title='bbox 848 1266 880 1306; x_wconf 75' lang='lat' dir='ltr'><strong>n</strong></span> <span class='ocrx_word' id='word_1_42' title='bbox 906 1249 1025 1310; x_wconf 89' lang='lat' dir='ltr'><strong>etc.</strong></span> 
     </span>
    </p>

    <p class='ocr_par' dir='ltr' id='par_1_3' title="bbox 246 1351 1802 4018">
     <span class='ocr_line' id='line_1_9' title="bbox 333 1351 1794 1438; baseline 0.002 -21"><span class='ocrx_word' id='word_1_43' title='bbox 333 1351 422 1419; x_wconf 89' lang='lat' dir='ltr'><strong>De</strong></span> <span class='ocrx_word' id='word_1_44' title='bbox 446 1353 726 1419; x_wconf 73' lang='lat' dir='ltr'><strong>necundo</strong></span> <span class='ocrx_word' id='word_1_45' title='bbox 746 1355 771 1391; x_wconf 81' lang='lat'>⁸</span> <span class='ocrx_word' id='word_1_46' title='bbox 799 1373 815 1418; x_wconf 72' lang='grc' dir='ltr'><em>ε</em></span> <span class='ocrx_word' id='word_1_47' title='bbox 855 1375 887 1415; x_wconf 72' lang='grc' dir='ltr'><strong>ιι</strong></span> <span class='ocrx_word' id='word_1_48' title='bbox 908 1352 1107 1420; x_wconf 87' lang='lat' dir='ltr'><strong>Sinite</strong></span> <span class='ocrx_word' id='word_1_49' title='bbox 1137 1353 1442 1438; x_wconf 79' lang='lat' dir='ltr'><strong>parvulos</strong></span> <span class='ocrx_word' id='word_1_50' title='bbox 1466 1355 1686 1420; x_wconf 83' lang='lat' dir='ltr'><strong>venire</strong></span> <span class='ocrx_word' id='word_1_51' title='bbox 1711 1354 1794 1420; x_wconf 87' lang='lat' dir='ltr'><strong>ad</strong></span> 
     </span>
     <span class='ocr_line' id='line_1_10' title="bbox 254 1459 1794 1540; baseline 0.003 -14"><span class='ocrx_word' id='word_1_52' title='bbox 254 1479 382 1540; x_wconf 88' lang='lat' dir='ltr'><strong>me,</strong></span> <span class='ocrx_word' id='word_1_53' title='bbox 405 1481 439 1520; x_wconf 69' lang='lat' dir='ltr'><strong>n</strong></span> <span class='ocrx_word' id='word_1_54' title='bbox 469 1463 591 1526; x_wconf 86' lang='lat' dir='ltr'><strong>etc.</strong></span> <span class='ocrx_word' id='word_1_55' title='bbox 621 1459 885 1526; x_wconf 79' lang='lat' dir='ltr'><strong>Parvuli</strong></span> <span class='ocrx_word' id='word_1_56' title='bbox 906 1464 1060 1525; x_wconf 83' lang='lat' dir='ltr'><strong>sunt</strong></span> <span class='ocrx_word' id='word_1_57' title='bbox 1084 1460 1400 1527; x_wconf 85' lang='lat' dir='ltr'><strong>humiles:</strong></span> <span class='ocrx_word' id='word_1_58' title='bbox 1431 1461 1794 1532; x_wconf 84' lang='lat' dir='ltr'><strong>humilitate</strong></span> 
     </span>
     <span class='ocr_line' id='line_1_11' title="bbox 254 1568 1788 1653; baseline 0.003 -20"><span class='ocrx_word' id='word_1_59' title='bbox 254 1569 430 1633; x_wconf 88' lang='lat' dir='ltr'><strong>enim</strong></span> <span class='ocrx_word' id='word_1_60' title='bbox 470 1568 556 1634; x_wconf 87' lang='lat' dir='ltr'><strong>ad</strong></span> <span class='ocrx_word' id='word_1_61' title='bbox 594 1568 915 1635; x_wconf 87' lang='lat' dir='ltr'><strong>Christum</strong></span> <span class='ocrx_word' id='word_1_62' title='bbox 952 1570 1231 1635; x_wconf 77' lang='lat' dir='ltr'><strong>venitur.</strong></span> <span class='ocrx_word' id='word_1_63' title='bbox 1287 1569 1693 1653; x_wconf 73' lang='lat' dir='ltr'><strong>Augustinus</strong></span> <span class='ocrx_word' id='word_1_64' title='bbox 1716 1578 1788 1638; x_wconf 81' lang='lat'><strong>⁸:</strong></span> 
     </span>
     <span class='ocr_line' id='line_1_12' title="bbox 262 1674 1794 1759; baseline 0.004 -20"><span class='ocrx_word' id='word_1_65' title='bbox 262 1674 653 1741; x_wconf 73' lang='lat' dir='ltr'><strong>«Humiliter</strong></span> <span class='ocrx_word' id='word_1_66' title='bbox 695 1675 779 1741; x_wconf 87' lang='lat' dir='ltr'><strong>ad</strong></span> <span class='ocrx_word' id='word_1_67' title='bbox 812 1675 1127 1742; x_wconf 88' lang='lat' dir='ltr'><strong>humilem</strong></span> <span class='ocrx_word' id='word_1_68' title='bbox 1169 1677 1412 1759; x_wconf 87' lang='lat' dir='ltr'><strong>venite,</strong></span> <span class='ocrx_word' id='word_1_69' title='bbox 1447 1679 1661 1745; x_wconf 85' lang='lat' dir='ltr'><strong>venite</strong></span> <span class='ocrx_word' id='word_1_70' title='bbox 1680 1726 1701 1757; x_wconf 92' lang='lat'><strong>,</strong></span> <span class='ocrx_word' id='word_1_71' title='bbox 1736 1681 1794 1745; x_wconf 83' lang='lat' dir='ltr'><strong>si</strong></span> 
     </span>
     <span class='ocr_line' id='line_1_13' title="bbox 253 1782 1796 1865; baseline 0.002 -16"><span class='ocrx_word' id='word_1_72' title='bbox 253 1783 518 1865; x_wconf 74' lang='lat' dir='ltr'><strong>amatis,</strong></span> <span class='ocrx_word' id='word_1_73' title='bbox 548 1801 633 1849; x_wconf 88' lang='lat' dir='ltr'><strong>ne</strong></span> <span class='ocrx_word' id='word_1_74' title='bbox 659 1782 991 1849; x_wconf 66' lang='lat' dir='ltr'><strong>dimdatis</strong></span> <span class='ocrx_word' id='word_1_75' title='bbox 1015 1784 1099 1849; x_wconf 89' lang='lat' dir='ltr'><strong>ab</strong></span> <span class='ocrx_word' id='word_1_76' title='bbox 1121 1784 1264 1865; x_wconf 88' lang='lat' dir='ltr'><strong>illo,</strong></span> <span class='ocrx_word' id='word_1_77' title='bbox 1285 1806 1317 1845; x_wconf 73' lang='lat' dir='ltr'><strong>n</strong></span> <span class='ocrx_word' id='word_1_78' title='bbox 1354 1789 1474 1850; x_wconf 86' lang='lat' dir='ltr'><strong>ete.</strong></span> <span class='ocrx_word' id='word_1_79' title='bbox 1505 1785 1576 1853; x_wconf 90' lang='lat' dir='ltr'><strong>Si</strong></span> <span class='ocrx_word' id='word_1_80' title='bbox 1605 1787 1796 1853; x_wconf 85' lang='lat' dir='ltr'><strong>allicit</strong></span> 
     </span>
     <span class='ocr_line' id='line_1_14' title="bbox 253 1890 1792 1977; baseline 0.003 -20"><span class='ocrx_word' id='word_1_81' title='bbox 253 1890 941 1959; x_wconf 83' lang='lat' dir='ltr'><strong>tevenireadamicum</strong></span> <span class='ocrx_word' id='word_1_82' title='bbox 954 1892 1411 1959; x_wconf 71' lang='lat' dir='ltr'><strong>tuumrefectio</strong></span> <span class='ocrx_word' id='word_1_83' title='bbox 1423 1896 1792 1977; x_wconf 84' lang='lat' dir='ltr'><strong>corporalis,</strong></span> 
     </span>
     <span class='ocr_line' id='line_1_15' title="bbox 251 1998 1796 2083; baseline 0.004 -20"><span class='ocrx_word' id='word_1_84' title='bbox 251 2002 494 2083; x_wconf 80' lang='lat' dir='ltr'><strong>quanto</strong></span> <span class='ocrx_word' id='word_1_85' title='bbox 540 1999 754 2081; x_wconf 75' lang='lat' dir='ltr'><strong>magis</strong></span> <span class='ocrx_word' id='word_1_86' title='bbox 790 1999 1183 2082; x_wconf 78' lang='lat' dir='ltr'><strong>spiritualis?</strong></span> <span class='ocrx_word' id='word_1_87' title='bbox 1207 2000 1230 2036; x_wconf 75' lang='lat'>⁸</span> <span class='ocrx_word' id='word_1_88' title='bbox 1275 2023 1307 2063; x_wconf 74' lang='grc' dir='ltr'><strong>ιι</strong></span> <span class='ocrx_word' id='word_1_89' title='bbox 1330 1998 1551 2068; x_wconf 80' lang='lat' dir='ltr'><strong>Venite</strong></span> <span class='ocrx_word' id='word_1_90' title='bbox 1582 2003 1662 2068; x_wconf 88' lang='lat' dir='ltr'><strong>ad</strong></span> <span class='ocrx_word' id='word_1_91' title='bbox 1692 2022 1796 2069; x_wconf 89' lang='lat' dir='ltr'><strong>me</strong></span> 
     </span>
     <span class='ocr_line' id='line_1_16' title="bbox 253 2106 1797 2191; baseline 0.003 -18"><span class='ocrx_word' id='word_1_92' title='bbox 253 2123 479 2173; x_wconf 84' lang='lat' dir='ltr'><strong>omnes</strong></span> <span class='ocrx_word' id='word_1_93' title='bbox 504 2106 617 2191; x_wconf 86' lang='lat' dir='ltr'><strong>qui</strong></span> <span class='ocrx_word' id='word_1_94' title='bbox 649 2106 863 2172; x_wconf 82' lang='lat' dir='ltr'><strong>lassati</strong></span> <span class='ocrx_word' id='word_1_95' title='bbox 889 2108 1076 2185; x_wconf 79' lang='lat' dir='ltr'><strong>estis,</strong></span> <span class='ocrx_word' id='word_1_96' title='bbox 1103 2128 1137 2168; x_wconf 66' lang='grc' dir='ltr'><strong>ι</strong></span> <span class='ocrx_word' id='word_1_97' title='bbox 1167 2111 1288 2173; x_wconf 84' lang='lat' dir='ltr'><strong>etc.</strong></span> <span class='ocrx_word' id='word_1_98' title='bbox 1318 2107 1482 2173; x_wconf 84' lang='lat' dir='ltr'><strong>Etsi</strong></span> <span class='ocrx_word' id='word_1_99' title='bbox 1505 2110 1699 2176; x_wconf 77' lang='lat' dir='ltr'><strong>allicit</strong></span> <span class='ocrx_word' id='word_1_100' title='bbox 1732 2115 1797 2177; x_wconf 85' lang='lat' dir='ltr'><strong>te</strong></span> 
     </span>
     <span class='ocr_line' id='line_1_17' title="bbox 256 2213 1797 2299; baseline 0.005 -21"><span class='ocrx_word' id='word_1_101' title='bbox 256 2213 597 2298; x_wconf 76' lang='lat' dir='ltr'><strong>promissio</strong></span> <span class='ocrx_word' id='word_1_102' title='bbox 614 2215 829 2296; x_wconf 76' lang='lat' dir='ltr'><strong>regni,</strong></span> <span class='ocrx_word' id='word_1_103' title='bbox 844 2216 1044 2279; x_wconf 85' lang='lat' dir='ltr'><strong>estote</strong></span> <span class='ocrx_word' id='word_1_104' title='bbox 1067 2214 1346 2280; x_wconf 83' lang='lat' dir='ltr'><strong>humiles</strong></span> <span class='ocrx_word' id='word_1_105' title='bbox 1363 2216 1447 2299; x_wconf 88' lang='grc' dir='ltr'><strong>(α)</strong></span> <span class='ocrx_word' id='word_1_106' title='bbox 1473 2214 1797 2285; x_wconf 73' lang='grc' dir='ltr'><strong>εσΤειΙίιιιιι</strong></span> 
     </span>
     <span class='ocr_line' id='line_1_18' title="bbox 259 2321 1794 2409; baseline 0.003 -22"><span class='ocrx_word' id='word_1_107' title='bbox 259 2326 356 2387; x_wconf 79' lang='lat' dir='ltr'><strong>est</strong></span> <span class='ocrx_word' id='word_1_108' title='bbox 373 2322 553 2387; x_wconf 89' lang='lat' dir='ltr'><strong>enim</strong></span> <span class='ocrx_word' id='word_1_109' title='bbox 571 2322 594 2359; x_wconf 86' lang='lat'>⁸</span> <span class='ocrx_word' id='word_1_110' title='bbox 611 2338 889 2404; x_wconf 81' lang='lat' dir='ltr'><strong>regnum</strong></span> <span class='ocrx_word' id='word_1_111' title='bbox 916 2322 1247 2388; x_wconf 86' lang='lat' dir='ltr'><strong>coelorum.</strong></span> <span class='ocrx_word' id='word_1_112' title='bbox 1268 2345 1302 2385; x_wconf 66' lang='grc' dir='ltr'><strong>ι</strong></span> <span class='ocrx_word' id='word_1_113' title='bbox 1334 2321 1632 2390; x_wconf 77' lang='lat' dir='ltr'><strong>Libenter</strong></span> <span class='ocrx_word' id='word_1_114' title='bbox 1647 2343 1794 2409; x_wconf 87' lang='lat' dir='ltr'><strong>pos-</strong></span> 
     </span>
     <span class='ocr_line' id='line_1_19' title="bbox 255 2429 1799 2513; baseline 0.003 -19"><span class='ocrx_word' id='word_1_115' title='bbox 255 2447 485 2496; x_wconf 75' lang='lat' dir='ltr'><strong>sumus</strong></span> <span class='ocrx_word' id='word_1_116' title='bbox 509 2430 946 2513; x_wconf 83' lang='lat' dir='ltr'><strong>esseparvuli,</strong></span> <span class='ocrx_word' id='word_1_117' title='bbox 971 2429 1038 2496; x_wconf 89' lang='lat' dir='ltr'><strong>id</strong></span> <span class='ocrx_word' id='word_1_118' title='bbox 1062 2434 1185 2511; x_wconf 80' lang='lat' dir='ltr'><strong>est,</strong></span> <span class='ocrx_word' id='word_1_119' title='bbox 1209 2430 1570 2498; x_wconf 85' lang='lat' dir='ltr'><strong>humilesin</strong></span> <span class='ocrx_word' id='word_1_120' title='bbox 1597 2433 1799 2499; x_wconf 87' lang='lat' dir='ltr'><strong>oculis</strong></span> 
     </span>
     <span class='ocr_line' id='line_1_20' title="bbox 254 2536 1797 2622; baseline 0.005 -22"><span class='ocrx_word' id='word_1_121' title='bbox 254 2536 524 2617; x_wconf 83' lang='lat' dir='ltr'><strong>nostris,</strong></span> <span class='ocrx_word' id='word_1_122' title='bbox 562 2538 639 2602; x_wconf 93' lang='lat' dir='ltr'><strong>ut</strong></span> <span class='ocrx_word' id='word_1_123' title='bbox 672 2555 953 2619; x_wconf 73' lang='lat' dir='ltr'><strong>regnum</strong></span> <span class='ocrx_word' id='word_1_124' title='bbox 991 2555 1462 2622; x_wconf 85' lang='lat' dir='ltr'><strong>consequamur</strong></span> <span class='ocrx_word' id='word_1_125' title='bbox 1486 2539 1556 2606; x_wconf 81' lang='lat'><strong>⁸:</strong></span> <span class='ocrx_word' id='word_1_126' title='bbox 1602 2562 1634 2603; x_wconf 72' lang='grc' dir='ltr'><strong>ι</strong></span> <span class='ocrx_word' id='word_1_127' title='bbox 1662 2539 1797 2608; x_wconf 85' lang='lat' dir='ltr'><strong>Nisi</strong></span> 
     </span>
     <span class='ocr_line' id='line_1_21' title="bbox 251 2643 1802 2730; baseline 0.004 -22"><span class='ocrx_word' id='word_1_128' title='bbox 251 2643 547 2708; x_wconf 82' lang='lat' dir='ltr'><strong>conversi</strong></span> <span class='ocrx_word' id='word_1_129' title='bbox 603 2644 849 2709; x_wconf 81' lang='lat' dir='ltr'><strong>fueritis</strong></span> <span class='ocrx_word' id='word_1_130' title='bbox 898 2649 961 2710; x_wconf 88' lang='lat' dir='ltr'><strong>et</strong></span> <span class='ocrx_word' id='word_1_131' title='bbox 1016 2645 1381 2710; x_wconf 76' lang='lat' dir='ltr'><strong>efficiamini</strong></span> <span class='ocrx_word' id='word_1_132' title='bbox 1441 2645 1605 2712; x_wconf 82' lang='lat' dir='ltr'><strong>sicut</strong></span> <span class='ocrx_word' id='word_1_133' title='bbox 1660 2661 1802 2730; x_wconf 86' lang='lat' dir='ltr'><strong>par·</strong></span> 
     </span>
     <span class='ocr_line' id='line_1_22' title="bbox 250 2750 1794 2835; baseline 0.003 -19"><span class='ocrx_word' id='word_1_134' title='bbox 250 2750 412 2830; x_wconf 81' lang='lat' dir='ltr'><strong>vuli,</strong></span> <span class='ocrx_word' id='word_1_135' title='bbox 430 2772 464 2812; x_wconf 80' lang='lat'><strong>»</strong></span> <span class='ocrx_word' id='word_1_136' title='bbox 498 2754 619 2815; x_wconf 83' lang='lat' dir='ltr'><strong>etc.</strong></span> <span class='ocrx_word' id='word_1_137' title='bbox 651 2750 830 2829; x_wconf 85' lang='lat' dir='ltr'><strong>Quod</strong></span> <span class='ocrx_word' id='word_1_138' title='bbox 858 2751 1053 2817; x_wconf 86' lang='lat' dir='ltr'><strong>etiam</strong></span> <span class='ocrx_word' id='word_1_139' title='bbox 1080 2753 1477 2835; x_wconf 78' lang='lat' dir='ltr'><strong>significatur</strong></span> <span class='ocrx_word' id='word_1_140' title='bbox 1505 2754 1576 2818; x_wconf 89' lang='lat' dir='ltr'><strong>in</strong></span> <span class='ocrx_word' id='word_1_141' title='bbox 1616 2753 1794 2835; x_wconf 85' lang='lat' dir='ltr'><strong>Saul,</strong></span> 
     </span>
     <span class='ocr_line' id='line_1_23' title="bbox 250 2858 1802 2945; baseline 0.003 -21"><span class='ocrx_word' id='word_1_142' title='bbox 250 2858 460 2924; x_wconf 85' lang='lat' dir='ltr'><strong>cuiait</strong></span> <span class='ocrx_word' id='word_1_143' title='bbox 471 2858 733 2924; x_wconf 77' lang='lat' dir='ltr'><strong>Samuel</strong></span> <span class='ocrx_word' id='word_1_144' title='bbox 749 2859 772 2895; x_wconf 85' lang='lat'><strong>&#39;¹</strong></span> <span class='ocrx_word' id='word_1_145' title='bbox 799 2880 815 2922; x_wconf 72' lang='grc' dir='ltr'>ε</span> <span class='ocrx_word' id='word_1_146' title='bbox 843 2881 875 2922; x_wconf 72' lang='grc' dir='ltr'><strong>ι</strong></span> <span class='ocrx_word' id='word_1_147' title='bbox 891 2859 1116 2926; x_wconf 88' lang='lat' dir='ltr'><strong>Nonne</strong></span> <span class='ocrx_word' id='word_1_148' title='bbox 1141 2878 1290 2925; x_wconf 85' lang='lat' dir='ltr'><strong>cum</strong></span> <span class='ocrx_word' id='word_1_149' title='bbox 1310 2865 1802 2945; x_wconf 78' lang='lat' dir='ltr'><strong>essesparvulus</strong></span> 
     </span>
     <span class='ocr_line' id='line_1_24' title="bbox 246 2965 1799 3049; baseline 0.005 -18"><span class='ocrx_word' id='word_1_150' title='bbox 246 2967 321 3031; x_wconf 91' lang='lat' dir='ltr'><strong>in</strong></span> <span class='ocrx_word' id='word_1_151' title='bbox 344 2965 551 3031; x_wconf 88' lang='lat' dir='ltr'><strong>oculis</strong></span> <span class='ocrx_word' id='word_1_152' title='bbox 572 2966 723 3045; x_wconf 87' lang='lat' dir='ltr'><strong>tuis,</strong></span> <span class='ocrx_word' id='word_1_153' title='bbox 749 2970 937 3049; x_wconf 86' lang='lat' dir='ltr'><strong>eaput</strong></span> <span class='ocrx_word' id='word_1_154' title='bbox 962 2968 1030 3033; x_wconf 92' lang='lat' dir='ltr'><strong>in</strong></span> <span class='ocrx_word' id='word_1_155' title='bbox 1057 2968 1355 3035; x_wconf 85' lang='lat' dir='ltr'><strong>tribubus</strong></span> <span class='ocrx_word' id='word_1_156' title='bbox 1383 2969 1575 3036; x_wconf 81' lang='lat' dir='ltr'><strong>Israel</strong></span> <span class='ocrx_word' id='word_1_157' title='bbox 1596 2970 1799 3038; x_wconf 70' lang='lat' dir='ltr'><strong>taonis</strong></span> 
     </span>
     <span class='ocr_line' id='line_1_25' title="bbox 246 3072 1799 3158; baseline 0.004 -19"><span class='ocrx_word' id='word_1_158' title='bbox 246 3090 352 3153; x_wconf 87' lang='lat' dir='ltr'><strong>es,</strong></span> <span class='ocrx_word' id='word_1_159' title='bbox 379 3072 571 3139; x_wconf 85' lang='lat' dir='ltr'><strong>unxit</strong></span> <span class='ocrx_word' id='word_1_160' title='bbox 593 3077 938 3156; x_wconf 78' lang='lat' dir='ltr'><strong>quoquete</strong></span> <span class='ocrx_word' id='word_1_161' title='bbox 966 3073 1131 3140; x_wconf 85' lang='lat' dir='ltr'><strong>Deus</strong></span> <span class='ocrx_word' id='word_1_162' title='bbox 1169 3075 1239 3140; x_wconf 92' lang='lat' dir='ltr'><strong>in</strong></span> <span class='ocrx_word' id='word_1_163' title='bbox 1265 3078 1594 3158; x_wconf 56' lang='lat' dir='ltr'><strong>regemn</strong></span> <span class='ocrx_word' id='word_1_164' title='bbox 1630 3076 1799 3144; x_wconf 89' lang='lat' dir='ltr'><strong>Bene</strong></span> 
     </span>
     <span class='ocr_line' id='line_1_26' title="bbox 248 3180 1795 3266; baseline 0.004 -20"><span class='ocrx_word' id='word_1_165' title='bbox 248 3181 442 3246; x_wconf 83' lang='lat' dir='ltr'><strong>dicit:</strong></span> <span class='ocrx_word' id='word_1_166' title='bbox 469 3182 547 3247; x_wconf 74' lang='lat' dir='ltr'><strong>in</strong></span> <span class='ocrx_word' id='word_1_167' title='bbox 570 3180 772 3247; x_wconf 71' lang='lat' dir='ltr'><strong>oenus</strong></span> <span class='ocrx_word' id='word_1_168' title='bbox 801 3181 971 3260; x_wconf 66' lang='lat' dir='ltr'><strong>tute,</strong></span> <span class='ocrx_word' id='word_1_169' title='bbox 1001 3182 1232 3247; x_wconf 88' lang='lat' dir='ltr'><strong>nonin</strong></span> <span class='ocrx_word' id='word_1_170' title='bbox 1260 3183 1463 3250; x_wconf 81' lang='lat' dir='ltr'><strong>oculis</strong></span> <span class='ocrx_word' id='word_1_171' title='bbox 1496 3184 1795 3266; x_wconf 84' lang='lat' dir='ltr'><strong>aliorum,</strong></span> 
     </span>
     <span class='ocr_line' id='line_1_27' title="bbox 249 3286 1798 3372; baseline 0.004 -20"><span class='ocrx_word' id='word_1_172' title='bbox 249 3286 441 3353; x_wconf 85' lang='lat' dir='ltr'><strong>multi</strong></span> <span class='ocrx_word' id='word_1_173' title='bbox 478 3287 651 3353; x_wconf 88' lang='lat' dir='ltr'><strong>enim</strong></span> <span class='ocrx_word' id='word_1_174' title='bbox 694 3287 878 3370; x_wconf 87' lang='lat' dir='ltr'><strong>parvi</strong></span> <span class='ocrx_word' id='word_1_175' title='bbox 918 3290 983 3352; x_wconf 90' lang='lat' dir='ltr'><strong>et</strong></span> <span class='ocrx_word' id='word_1_176' title='bbox 1005 3289 1507 3372; x_wconf 78' lang='lat' dir='ltr'><strong>contemptibiles</strong></span> <span class='ocrx_word' id='word_1_177' title='bbox 1544 3296 1698 3360; x_wconf 73' lang='lat' dir='ltr'><strong>sunt</strong></span> <span class='ocrx_word' id='word_1_178' title='bbox 1728 3294 1798 3358; x_wconf 88' lang='lat' dir='ltr'><strong>in</strong></span> 
     </span>
     <span class='ocr_line' id='line_1_28' title="bbox 250 3394 1799 3480; baseline 0.005 -21"><span class='ocrx_word' id='word_1_179' title='bbox 250 3395 453 3460; x_wconf 84' lang='lat' dir='ltr'><strong>oculis</strong></span> <span class='ocrx_word' id='word_1_180' title='bbox 492 3394 804 3475; x_wconf 88' lang='lat' dir='ltr'><strong>aliorum,</strong></span> <span class='ocrx_word' id='word_1_181' title='bbox 852 3397 964 3480; x_wconf 83' lang='lat' dir='ltr'><strong>qui</strong></span> <span class='ocrx_word' id='word_1_182' title='bbox 1012 3398 1239 3479; x_wconf 78' lang='lat' dir='ltr'><strong>magni</strong></span> <span class='ocrx_word' id='word_1_183' title='bbox 1283 3403 1434 3464; x_wconf 90' lang='lat' dir='ltr'><strong>sunt</strong></span> <span class='ocrx_word' id='word_1_184' title='bbox 1474 3401 1546 3466; x_wconf 89' lang='lat' dir='ltr'><strong>in</strong></span> <span class='ocrx_word' id='word_1_185' title='bbox 1598 3401 1799 3470; x_wconf 86' lang='lat' dir='ltr'><strong>oculis</strong></span> 
     </span>
     <span class='ocr_line' id='line_1_29' title="bbox 249 3503 1799 3587; baseline 0.004 -18"><span class='ocrx_word' id='word_1_186' title='bbox 249 3503 550 3587; x_wconf 87' lang='lat' dir='ltr'><strong>propriis.</strong></span> <span class='ocrx_word' id='word_1_187' title='bbox 602 3503 758 3569; x_wconf 87' lang='lat' dir='ltr'><strong>Item</strong></span> <span class='ocrx_word' id='word_1_188' title='bbox 799 3506 876 3572; x_wconf 77' lang='lat' dir='ltr'><strong>in</strong></span> <span class='ocrx_word' id='word_1_189' title='bbox 913 3504 1114 3573; x_wconf 68' lang='lat' dir='ltr'><strong>oculis</strong></span> <span class='ocrx_word' id='word_1_190' title='bbox 1160 3507 1297 3574; x_wconf 72' lang='lat' dir='ltr'><strong>tuis</strong></span> <span class='ocrx_word' id='word_1_191' title='bbox 1332 3507 1485 3574; x_wconf 79' lang='lat' dir='ltr'><strong>di&#39;cit</strong></span> <span class='ocrx_word' id='word_1_192' title='bbox 1501 3555 1524 3587; x_wconf 91' lang='lat'><strong>,</strong></span> <span class='ocrx_word' id='word_1_193' title='bbox 1561 3527 1692 3575; x_wconf 90' lang='lat' dir='ltr'><strong>non</strong></span> <span class='ocrx_word' id='word_1_194' title='bbox 1727 3512 1799 3575; x_wconf 91' lang='lat' dir='ltr'><strong>in</strong></span> 
     </span>
     <span class='ocr_line' id='line_1_30' title="bbox 252 3609 1798 3698; baseline 0.006 -23"><span class='ocrx_word' id='word_1_195' title='bbox 252 3609 455 3676; x_wconf 87' lang='lat' dir='ltr'><strong>oculis</strong></span> <span class='ocrx_word' id='word_1_196' title='bbox 495 3609 628 3675; x_wconf 90' lang='lat' dir='ltr'><strong>Dei.</strong></span> <span class='ocrx_word' id='word_1_197' title='bbox 666 3612 1115 3694; x_wconf 76' lang='lat' dir='ltr'><strong>Augustinus·</strong></span> <span class='ocrx_word' id='word_1_198' title='bbox 1149 3633 1166 3677; x_wconf 75' lang='grc' dir='ltr'><em>τ</em></span> <span class='ocrx_word' id='word_1_199' title='bbox 1208 3636 1243 3677; x_wconf 73' lang='grc' dir='ltr'>α</span> <span class='ocrx_word' id='word_1_200' title='bbox 1267 3612 1417 3680; x_wconf 85' lang='lat' dir='ltr'><strong>Esto</strong></span> <span class='ocrx_word' id='word_1_201' title='bbox 1448 3634 1691 3698; x_wconf 83' lang='lat' dir='ltr'><strong>parvus</strong></span> <span class='ocrx_word' id='word_1_202' title='bbox 1728 3620 1798 3684; x_wconf 91' lang='lat' dir='ltr'><strong>in</strong></span> 
     </span>
     <span class='ocr_line' id='line_1_31' title="bbox 251 3716 1794 3804; baseline 0.006 -23"><span class='ocrx_word' id='word_1_203' title='bbox 251 3716 459 3782; x_wconf 86' lang='lat' dir='ltr'><strong>oculis</strong></span> <span class='ocrx_word' id='word_1_204' title='bbox 503 3718 676 3797; x_wconf 87' lang='lat' dir='ltr'><strong>tuis,</strong></span> <span class='ocrx_word' id='word_1_205' title='bbox 712 3725 786 3784; x_wconf 91' lang='lat' dir='ltr'><strong>ut</strong></span> <span class='ocrx_word' id='word_1_206' title='bbox 831 3720 919 3784; x_wconf 87' lang='lat' dir='ltr'><strong>sis</strong></span> <span class='ocrx_word' id='word_1_207' title='bbox 962 3737 1243 3804; x_wconf 76' lang='lat' dir='ltr'><strong>magnus</strong></span> <span class='ocrx_word' id='word_1_208' title='bbox 1287 3721 1357 3787; x_wconf 92' lang='lat' dir='ltr'><strong>in</strong></span> <span class='ocrx_word' id='word_1_209' title='bbox 1406 3723 1607 3789; x_wconf 86' lang='lat' dir='ltr'><strong>oculis</strong></span> <span class='ocrx_word' id='word_1_210' title='bbox 1659 3724 1794 3791; x_wconf 85' lang='lat' dir='ltr'><strong>Dei.</strong></span> 
     </span>
     <span class='ocr_line' id='line_1_32' title="bbox 251 3823 1797 3915; baseline 0.006 -25"><span class='ocrx_word' id='word_1_211' title='bbox 251 3823 641 3890; x_wconf 89' lang='lat' dir='ltr'><strong>Tantoenim</strong></span> <span class='ocrx_word' id='word_1_212' title='bbox 653 3826 827 3909; x_wconf 89' lang='lat' dir='ltr'><strong>apud</strong></span> <span class='ocrx_word' id='word_1_213' title='bbox 841 3825 1041 3892; x_wconf 87' lang='lat' dir='ltr'><strong>Deum</strong></span> <span class='ocrx_word' id='word_1_214' title='bbox 1058 3830 1184 3894; x_wconf 83' lang='lat' dir='ltr'><strong>eris</strong></span> <span class='ocrx_word' id='word_1_215' title='bbox 1194 3829 1544 3913; x_wconf 83' lang='lat' dir='ltr'><strong>pretiosior,</strong></span> <span class='ocrx_word' id='word_1_216' title='bbox 1556 3837 1797 3915; x_wconf 80' lang='lat' dir='ltr'><strong>quanto</strong></span> 
     </span>
     <span class='ocr_line' id='line_1_33' title="bbox 248 3932 1470 4018; baseline 0.001 -20"><span class='ocrx_word' id='word_1_217' title='bbox 248 3932 447 3998; x_wconf 78' lang='lat' dir='ltr'><strong>fueris</strong></span> <span class='ocrx_word' id='word_1_218' title='bbox 473 3934 621 3997; x_wconf 85' lang='lat' dir='ltr'><strong>ante</strong></span> <span class='ocrx_word' id='word_1_219' title='bbox 633 3932 852 4000; x_wconf 85' lang='lat' dir='ltr'><strong>oculos</strong></span> <span class='ocrx_word' id='word_1_220' title='bbox 875 3938 1029 4000; x_wconf 84' lang='lat' dir='ltr'><strong>tuos</strong></span> <span class='ocrx_word' id='word_1_221' title='bbox 1046 3935 1416 4018; x_wconf 63' lang='lat' dir='ltr'><strong>desmctior.</strong></span> <span class='ocrx_word' id='word_1_222' title='bbox 1438 3960 1470 3999; x_wconf 70' lang='grc' dir='ltr'><strong>ι</strong></span> 
     </span>
    </p>

    <p class='ocr_par' dir='ltr' id='par_1_4' title="bbox 235 4038 1795 5200">
     <span class='ocr_line' id='line_1_34' title="bbox 334 4038 1795 4129; baseline 0.008 -26"><span class='ocrx_word' id='word_1_223' title='bbox 334 4038 423 4103; x_wconf 91' lang='lat' dir='ltr'><strong>De</strong></span> <span class='ocrx_word' id='word_1_224' title='bbox 465 4039 739 4106; x_wconf 81' lang='lat' dir='ltr'><strong>tertio’:</strong></span> <span class='ocrx_word' id='word_1_225' title='bbox 772 4039 1135 4123; x_wconf 74' lang='lat' dir='ltr'><strong>‹Domine‚</strong></span> <span class='ocrx_word' id='word_1_226' title='bbox 1172 4042 1228 4107; x_wconf 91' lang='lat' dir='ltr'><strong>si</strong></span> <span class='ocrx_word' id='word_1_227' title='bbox 1269 4046 1345 4111; x_wconf 90' lang='lat' dir='ltr'><strong>tu</strong></span> <span class='ocrx_word' id='word_1_228' title='bbox 1384 4046 1795 4129; x_wconf 74' lang='lat' dir='ltr'><strong>es‚Jubeme</strong></span> 
     </span>
     <span class='ocr_line' id='line_1_35' title="bbox 249 4146 1795 4233; baseline 0.006 -22"><span class='ocrx_word' id='word_1_229' title='bbox 249 4146 476 4212; x_wconf 82' lang='lat' dir='ltr'><strong>venire</strong></span> <span class='ocrx_word' id='word_1_230' title='bbox 525 4146 605 4211; x_wconf 86' lang='lat' dir='ltr'><strong>ad</strong></span> <span class='ocrx_word' id='word_1_231' title='bbox 647 4150 712 4212; x_wconf 84' lang='lat' dir='ltr'><strong>te</strong></span> <span class='ocrx_word' id='word_1_232' title='bbox 757 4165 954 4233; x_wconf 88' lang='lat' dir='ltr'><strong>super</strong></span> <span class='ocrx_word' id='word_1_233' title='bbox 989 4165 1208 4233; x_wconf 87' lang='lat' dir='ltr'><strong>aquas.</strong></span> <span class='ocrx_word' id='word_1_234' title='bbox 1231 4172 1265 4211; x_wconf 70' lang='lat' dir='ltr'><strong>n</strong></span> <span class='ocrx_word' id='word_1_235' title='bbox 1316 4151 1587 4230; x_wconf 84' lang='lat' dir='ltr'><strong>Quidam</strong></span> <span class='ocrx_word' id='word_1_236' title='bbox 1628 4155 1795 4221; x_wconf 82' lang='lat' dir='ltr'><strong>inter</strong></span> 
     </span>
     <span class='ocr_line' id='line_1_36' title="bbox 248 4254 1795 4343; baseline 0.007 -25"><span class='ocrx_word' id='word_1_237' title='bbox 248 4271 455 4337; x_wconf 83' lang='lat' dir='ltr'><strong>aquas</strong></span> <span class='ocrx_word' id='word_1_238' title='bbox 503 4254 770 4320; x_wconf 90' lang='lat' dir='ltr'><strong>veniunt</strong></span> <span class='ocrx_word' id='word_1_239' title='bbox 784 4304 823 4335; x_wconf 87' lang='lat'><strong>‚.</strong></span> <span class='ocrx_word' id='word_1_240' title='bbox 845 4256 1010 4321; x_wconf 89' lang='lat' dir='ltr'><strong>sicut</strong></span> <span class='ocrx_word' id='word_1_241' title='bbox 1054 4257 1170 4322; x_wconf 87' lang='lat' dir='ltr'><strong>filii</strong></span> <span class='ocrx_word' id='word_1_242' title='bbox 1210 4257 1403 4325; x_wconf 85' lang='lat' dir='ltr'><strong>Israel</strong></span> <span class='ocrx_word' id='word_1_243' title='bbox 1459 4277 1571 4343; x_wconf 89' lang='lat' dir='ltr'><strong>per</strong></span> <span class='ocrx_word' id='word_1_244' title='bbox 1615 4278 1795 4329; x_wconf 84' lang='lat' dir='ltr'><strong>mare</strong></span> 
     </span>
     <span class='ocr_line' id='line_1_37' title="bbox 247 4359 1788 4448; baseline 0.007 -23"><span class='ocrx_word' id='word_1_245' title='bbox 247 4359 542 4426; x_wconf 84' lang='lat' dir='ltr'><strong>Rubrum</strong></span> <span class='ocrx_word' id='word_1_246' title='bbox 562 4379 585 4443; x_wconf 89' lang='lat'>;</span> <span class='ocrx_word' id='word_1_247' title='bbox 611 4362 873 4445; x_wconf 82' lang='lat' dir='ltr'><strong>quidam</strong></span> <span class='ocrx_word' id='word_1_248' title='bbox 900 4381 1095 4447; x_wconf 87' lang='lat' dir='ltr'><strong>super</strong></span> <span class='ocrx_word' id='word_1_249' title='bbox 1117 4382 1341 4448; x_wconf 67' lang='lat' dir='ltr'><strong>aquae,</strong></span> <span class='ocrx_word' id='word_1_250' title='bbox 1357 4367 1520 4433; x_wconf 87' lang='lat' dir='ltr'><strong>sicut</strong></span> <span class='ocrx_word' id='word_1_251' title='bbox 1545 4367 1788 4436; x_wconf 86' lang='lat' dir='ltr'><strong>Petrus.</strong></span> 
     </span>
     <span class='ocr_line' id='line_1_38' title="bbox 245 4466 1789 4558; baseline 0.008 -27"><span class='ocrx_word' id='word_1_252' title='bbox 245 4466 449 4532; x_wconf 86' lang='lat' dir='ltr'><strong>Primi</strong></span> <span class='ocrx_word' id='word_1_253' title='bbox 490 4468 885 4553; x_wconf 85' lang='lat' dir='ltr'><strong>imperfectos</strong></span> <span class='ocrx_word' id='word_1_254' title='bbox 921 4473 986 4536; x_wconf 87' lang='lat' dir='ltr'><strong>et</strong></span> <span class='ocrx_word' id='word_1_255' title='bbox 1019 4471 1357 4540; x_wconf 81' lang='lat' dir='ltr'><strong>saeoulares</strong></span> <span class='ocrx_word' id='word_1_256' title='bbox 1399 4475 1789 4558; x_wconf 75' lang='lat' dir='ltr'><strong>significant,</strong></span> 
     </span>
     <span class='ocr_line' id='line_1_39' title="bbox 242 4574 1791 4664; baseline 0.008 -26"><span class='ocrx_word' id='word_1_257' title='bbox 242 4574 359 4657; x_wconf 77' lang='lat' dir='ltr'><strong>qui</strong></span> <span class='ocrx_word' id='word_1_258' title='bbox 410 4575 679 4640; x_wconf 83' lang='lat' dir='ltr'><strong>terrenis</strong></span> <span class='ocrx_word' id='word_1_259' title='bbox 712 4575 1067 4657; x_wconf 83' lang='lat' dir='ltr'><strong>inhiantes,</strong></span> <span class='ocrx_word' id='word_1_260' title='bbox 1114 4596 1293 4646; x_wconf 89' lang='lat' dir='ltr'><strong>mare</strong></span> <span class='ocrx_word' id='word_1_261' title='bbox 1334 4580 1536 4664; x_wconf 80' lang='lat' dir='ltr'><strong>huius</strong></span> <span class='ocrx_word' id='word_1_262' title='bbox 1573 4585 1791 4650; x_wconf 81' lang='lat' dir='ltr'><strong>saeculi</strong></span> 
     </span>
     <span class='ocr_line' id='line_1_40' title="bbox 241 4680 1791 4767; baseline 0.01 -23"><span class='ocrx_word' id='word_1_263' title='bbox 241 4680 390 4745; x_wconf 89' lang='lat' dir='ltr'><strong>licet</strong></span> <span class='ocrx_word' id='word_1_264' title='bbox 414 4685 762 4763; x_wconf 85' lang='lat' dir='ltr'><strong>transeant,</strong></span> <span class='ocrx_word' id='word_1_265' title='bbox 779 4686 995 4754; x_wconf 73' lang='lat' dir='ltr'><strong>tamen</strong></span> <span class='ocrx_word' id='word_1_266' title='bbox 1012 4684 1281 4767; x_wconf 81' lang='lat' dir='ltr'><strong>ped-ibus</strong></span> <span class='ocrx_word' id='word_1_267' title='bbox 1295 4686 1640 4756; x_wconf 82' lang='lat' dir='ltr'><strong>affectuum</strong></span> <span class='ocrx_word' id='word_1_268' title='bbox 1667 4696 1791 4760; x_wconf 82' lang='lat' dir='ltr'><strong>ter·</strong></span> 
     </span>
     <span class='ocr_line' id='line_1_41' title="bbox 238 4790 1785 4881; baseline 0.007 -27"><span class='ocrx_word' id='word_1_269' title='bbox 238 4805 384 4854; x_wconf 86' lang='lat' dir='ltr'><strong>ram</strong></span> <span class='ocrx_word' id='word_1_270' title='bbox 427 4792 739 4871; x_wconf 80' lang='lat' dir='ltr'><strong>tangunt3</strong></span> <span class='ocrx_word' id='word_1_271' title='bbox 769 4790 881 4856; x_wconf 90' lang='lat' dir='ltr'><strong>sed</strong></span> <span class='ocrx_word' id='word_1_272' title='bbox 908 4791 1171 4858; x_wconf 86' lang='lat' dir='ltr'><strong>secundi</strong></span> <span class='ocrx_word' id='word_1_273' title='bbox 1200 4794 1504 4877; x_wconf 74' lang='lat' dir='ltr'><strong>perfectos</strong></span> <span class='ocrx_word' id='word_1_274' title='bbox 1544 4801 1611 4863; x_wconf 87' lang='lat' dir='ltr'><strong>et</strong></span> <span class='ocrx_word' id='word_1_275' title='bbox 1637 4799 1785 4881; x_wconf 78' lang='lat' dir='ltr'><strong>glo-</strong></span> 
     </span>
     <span class='ocr_line' id='line_1_42' title="bbox 236 4896 1788 4982; baseline 0.008 -20"><span class='ocrx_word' id='word_1_276' title='bbox 236 4896 443 4962; x_wconf 84' lang='lat' dir='ltr'><strong>riosos</strong></span> <span class='ocrx_word' id='word_1_277' title='bbox 470 4896 858 4979; x_wconf 80' lang='lat' dir='ltr'><strong>significant,</strong></span> <span class='ocrx_word' id='word_1_278' title='bbox 891 4897 1007 4982; x_wconf 82' lang='lat' dir='ltr'><strong>qui</strong></span> <span class='ocrx_word' id='word_1_279' title='bbox 1036 4916 1215 4966; x_wconf 86' lang='lat' dir='ltr'><strong>mare</strong></span> <span class='ocrx_word' id='word_1_280' title='bbox 1253 4902 1472 4968; x_wconf 69' lang='lat' dir='ltr'><strong>moun</strong></span> <span class='ocrx_word' id='word_1_281' title='bbox 1508 4911 1788 4973; x_wconf 88' lang='lat' dir='ltr'><strong>contem-</strong></span> 
     </span>
     <span class='ocr_line' id='line_1_43' title="bbox 236 5004 1782 5089; baseline 0.004 -15"><span class='ocrx_word' id='word_1_282' title='bbox 236 5007 486 5084; x_wconf 83' lang='lat' dir='ltr'><strong>nentes,</strong></span> <span class='ocrx_word' id='word_1_283' title='bbox 508 5005 633 5070; x_wconf 84' lang='lat' dir='ltr'><strong>sub</strong></span> <span class='ocrx_word' id='word_1_284' title='bbox 661 5005 932 5089; x_wconf 84' lang='lat' dir='ltr'><strong>pedibus</strong></span> <span class='ocrx_word' id='word_1_285' title='bbox 958 5004 1232 5087; x_wconf 82' lang='lat' dir='ltr'><strong>calcant3</strong></span> <span class='ocrx_word' id='word_1_286' title='bbox 1262 5009 1433 5074; x_wconf 86' lang='lat' dir='ltr'><strong>tertii</strong></span> <span class='ocrx_word' id='word_1_287' title='bbox 1463 5015 1681 5078; x_wconf 87' lang='lat' dir='ltr'><strong>autem</strong></span> <span class='ocrx_word' id='word_1_288' title='bbox 1714 5014 1782 5080; x_wconf 87' lang='lat' dir='ltr'><strong>in</strong></span> 
     </span>
     <span class='ocr_line' id='line_1_44' title="bbox 235 5110 1778 5200; baseline -0.005 -18"><span class='ocrx_word' id='word_1_289' title='bbox 235 5129 417 5182; x_wconf 83' lang='lat' dir='ltr'><strong>mare</strong></span> <span class='ocrx_word' id='word_1_290' title='bbox 441 5110 658 5178; x_wconf 77' lang='lat' dir='ltr'><strong>soeculi</strong></span> <span class='ocrx_word' id='word_1_291' title='bbox 688 5112 998 5182; x_wconf 81' lang='lat' dir='ltr'><strong>intrantes</strong></span> <span class='ocrx_word' id='word_1_292' title='bbox 1036 5113 1583 5200; x_wconf 79' lang='lat' dir='ltr'><strong>submerguntur,</strong></span> <span class='ocrx_word' id='word_1_293' title='bbox 1612 5122 1778 5189; x_wconf 70' lang='lat' dir='ltr'><strong>seni.</strong></span> 
     </span>
    </p>
   </div>
   <div class='ocr_carea' id='block_1_3' title="bbox 232 5235 1781 5384">
    <p class='ocr_par' dir='ltr' id='par_1_5' title="bbox 232 5235 1781 5384">
     <span class='ocr_line' id='line_1_45' title="bbox 300 5235 1781 5314; baseline 0.014 -32"><span class='ocrx_word' id='word_1_294' title='bbox 300 5238 318 5272; x_wconf 73' lang='grc' dir='ltr'><strong>ι</strong></span> <span class='ocrx_word' id='word_1_295' title='bbox 355 5235 563 5301; x_wconf 63' lang='lat' dir='ltr'><strong>Ephe-2„</strong></span> <span class='ocrx_word' id='word_1_296' title='bbox 592 5247 665 5299; x_wconf 79' lang='lat' dir='ltr'><strong>iv,</strong></span> <span class='ocrx_word' id='word_1_297' title='bbox 700 5240 781 5289; x_wconf 76' lang='lat'><strong>22.</strong></span> <span class='ocrx_word' id='word_1_298' title='bbox 818 5264 873 5274; x_wconf 91' lang='lat'>-</span> <span class='ocrx_word' id='word_1_299' title='bbox 915 5240 939 5274; x_wconf 78' lang='lat'><strong>¹</strong></span> <span class='ocrx_word' id='word_1_300' title='bbox 970 5239 1153 5303; x_wconf 64' lang='lat' dir='ltr'><strong>illm-c„</strong></span> <span class='ocrx_word' id='word_1_301' title='bbox 1180 5250 1243 5305; x_wconf 85' lang='lat' dir='ltr'><strong>x,</strong></span> <span class='ocrx_word' id='word_1_302' title='bbox 1271 5243 1352 5293; x_wconf 74' lang='lat'><strong>14.</strong></span> <span class='ocrx_word' id='word_1_303' title='bbox 1393 5268 1451 5281; x_wconf 92' lang='lat'><strong>-—</strong></span> <span class='ocrx_word' id='word_1_304' title='bbox 1491 5245 1513 5280; x_wconf 86' lang='lat'>⁸</span> <span class='ocrx_word' id='word_1_305' title='bbox 1547 5246 1781 5314; x_wconf 74' lang='lat' dir='ltr'><strong>August,</strong></span> 
     </span>
     <span class='ocr_line' id='line_1_46' title="bbox 232 5309 1779 5384; baseline 0.005 -25"><span class='ocrx_word' id='word_1_306' title='bbox 232 5319 389 5360; x_wconf 75' lang='lat' dir='ltr'><strong>eorm.</strong></span> <span class='ocrx_word' id='word_1_307' title='bbox 425 5316 601 5371; x_wconf 83' lang='lat' dir='ltr'><strong>cxvu,</strong></span> <span class='ocrx_word' id='word_1_308' title='bbox 636 5320 691 5357; x_wconf 90' lang='lat' dir='ltr'><strong>n.</strong></span> <span class='ocrx_word' id='word_1_309' title='bbox 737 5310 815 5372; x_wconf 76' lang='lat'><strong>17,</strong></span> <span class='ocrx_word' id='word_1_310' title='bbox 854 5309 1026 5374; x_wconf 84' lang='lat' dir='ltr'><strong>quoad</strong></span> <span class='ocrx_word' id='word_1_311' title='bbox 1059 5322 1289 5361; x_wconf 81' lang='lat' dir='ltr'><strong>sensum.</strong></span> <span class='ocrx_word' id='word_1_312' title='bbox 1318 5338 1381 5352; x_wconf 90' lang='lat'><strong>-·</strong></span> <span class='ocrx_word' id='word_1_313' title='bbox 1416 5313 1438 5348; x_wconf 77' lang='lat'>⁸</span> <span class='ocrx_word' id='word_1_314' title='bbox 1467 5317 1670 5383; x_wconf 55' lang='lat' dir='ltr'><strong>Meum,</strong></span> <span class='ocrx_word' id='word_1_315' title='bbox 1705 5333 1779 5384; x_wconf 73' lang='lat' dir='ltr'><strong>xi,</strong></span> 
     </span>
    </p>
   </div>
   <div class='ocr_carea' id='block_1_4' title="bbox 3314 463 3436 530">
    <p class='ocr_par' dir='ltr' id='par_1_6' title="bbox 3314 463 3436 530">
     <span class='ocr_line' id='line_1_47' title="bbox 3314 463 3436 530; baseline -0.016 0"><span class='ocrx_word' id='word_1_316' title='bbox 3314 463 3436 530; x_wconf 73' lang='lat'><strong>3¹5</strong></span> 
     </span>
    </p>
   </div>
   <div class='ocr_carea' id='block_1_5' title="bbox 1892 594 3447 4775">
    <p class='ocr_par' dir='ltr' id='par_1_7' title="bbox 1898 594 3443 1438">
     <span class='ocr_line' id='line_1_48' title="bbox 1901 594 3436 684; baseline -0.007 -14"><span class='ocrx_word' id='word_1_317' title='bbox 1901 600 2346 684; x_wconf 73' lang='lat' dir='ltr'><strong>oetAES&#39;YPtii,</strong></span> <span class='ocrx_word' id='word_1_318' title='bbox 2371 599 2438 666; x_wconf 91' lang='lat' dir='ltr'><strong>id</strong></span> <span class='ocrx_word' id='word_1_319' title='bbox 2463 602 2599 678; x_wconf 86' lang='lat' dir='ltr'><strong>est,</strong></span> <span class='ocrx_word' id='word_1_320' title='bbox 2626 599 2984 683; x_wconf 68' lang='lat' dir='ltr'><strong>peccatores</strong></span> <span class='ocrx_word' id='word_1_321' title='bbox 3008 613 3125 681; x_wconf 90' lang='lat' dir='ltr'><strong>per</strong></span> <span class='ocrx_word' id='word_1_322' title='bbox 3147 594 3309 663; x_wconf 83' lang='lat' dir='ltr'><strong>vitia</strong></span> <span class='ocrx_word' id='word_1_323' title='bbox 3341 598 3436 660; x_wconf 81' lang='lat' dir='ltr'><strong>te·-</strong></span> 
     </span>
     <span class='ocr_line' id='line_1_49' title="bbox 1900 703 3435 791; baseline -0.007 -15"><span class='ocrx_word' id='word_1_324' title='bbox 1900 707 2179 776; x_wconf 87' lang='lat' dir='ltr'><strong>nebrosi.</strong></span> <span class='ocrx_word' id='word_1_325' title='bbox 2213 706 2538 791; x_wconf 78' lang='lat' dir='ltr'><strong>AEgyptus</strong></span> <span class='ocrx_word' id='word_1_326' title='bbox 2562 705 2736 770; x_wconf 88' lang='lat' dir='ltr'><strong>enim</strong></span> <span class='ocrx_word' id='word_1_327' title='bbox 2762 704 3096 771; x_wconf 81' lang='lat' dir='ltr'><strong>tenebrosa</strong></span> <span class='ocrx_word' id='word_1_328' title='bbox 3127 703 3435 786; x_wconf 84' lang='lat' dir='ltr'><strong>interpre-</strong></span> 
     </span>
     <span class='ocr_line' id='line_1_50' title="bbox 1898 811 3437 899; baseline -0.005 -15"><span class='ocrx_word' id='word_1_329' title='bbox 1898 819 2076 884; x_wconf 77' lang='lat' dir='ltr'><strong>tatur</strong></span> <span class='ocrx_word' id='word_1_330' title='bbox 2114 817 2431 898; x_wconf 69' lang='lat' dir='ltr'><strong>infernae.</strong></span> <span class='ocrx_word' id='word_1_331' title='bbox 2458 815 2509 882; x_wconf 89' lang='grc' dir='ltr'><strong>Ο</strong></span> <span class='ocrx_word' id='word_1_332' title='bbox 2537 833 2732 899; x_wconf 84' lang='lat' dir='ltr'><strong>quam</strong></span> <span class='ocrx_word' id='word_1_333' title='bbox 2763 813 3138 880; x_wconf 86' lang='lat' dir='ltr'><strong>miserabilis</strong></span> <span class='ocrx_word' id='word_1_334' title='bbox 3163 815 3260 878; x_wconf 80' lang='lat' dir='ltr'><strong>est</strong></span> <span class='ocrx_word' id='word_1_335' title='bbox 3283 811 3437 878; x_wconf 85' lang='lat' dir='ltr'><strong>sub-</strong></span> 
     </span>
     <span class='ocr_line' id='line_1_51' title="bbox 1904 917 3433 1016; baseline -0.005 -26"><span class='ocrx_word' id='word_1_336' title='bbox 1904 924 2138 1016; x_wconf 76' lang='lat' dir='ltr'><strong>mersio</strong></span> <span class='ocrx_word' id='word_1_337' title='bbox 2155 927 2172 988; x_wconf 77' lang='lat' dir='ltr'><strong>t</strong></span> <span class='ocrx_word' id='word_1_338' title='bbox 2201 923 2594 990; x_wconf 70' lang='lat' dir='ltr'><strong>Vanitas‘oor</strong></span> <span class='ocrx_word' id='word_1_339' title='bbox 2611 922 2796 1007; x_wconf 82' lang='lat' dir='ltr'><strong>rapit,</strong></span> <span class='ocrx_word' id='word_1_340' title='bbox 2822 920 3154 988; x_wconf 85' lang='lat' dir='ltr'><strong>curiositas</strong></span> <span class='ocrx_word' id='word_1_341' title='bbox 3169 917 3433 998; x_wconf 81' lang='lat' dir='ltr'><strong>seducit,</strong></span> 
     </span>
     <span class='ocr_line' id='line_1_52' title="bbox 1900 1024 3441 1117; baseline -0.006 -17"><span class='ocrx_word' id='word_1_342' title='bbox 1900 1035 2213 1117; x_wconf 81' lang='lat' dir='ltr'><strong>cupiditas</strong></span> <span class='ocrx_word' id='word_1_343' title='bbox 2247 1033 2477 1112; x_wconf 89' lang='lat' dir='ltr'><strong>allicit,</strong></span> <span class='ocrx_word' id='word_1_344' title='bbox 2515 1031 2809 1115; x_wconf 77' lang='lat' dir='ltr'><strong>voluptas</strong></span> <span class='ocrx_word' id='word_1_345' title='bbox 2846 1029 3129 1107; x_wconf 86' lang='lat' dir='ltr'><strong>deducit,</strong></span> <span class='ocrx_word' id='word_1_346' title='bbox 3177 1024 3441 1092; x_wconf 87' lang='lat' dir='ltr'><strong>luxuria</strong></span> 
     </span>
     <span class='ocr_line' id='line_1_53' title="bbox 1902 1133 3439 1226; baseline -0.007 -19"><span class='ocrx_word' id='word_1_347' title='bbox 1902 1142 2166 1226; x_wconf 89' lang='lat' dir='ltr'><strong>polluit,</strong></span> <span class='ocrx_word' id='word_1_348' title='bbox 2208 1144 2465 1224; x_wconf 83' lang='lat' dir='ltr'><strong>torquet</strong></span> <span class='ocrx_word' id='word_1_349' title='bbox 2500 1138 2739 1204; x_wconf 87' lang='lat' dir='ltr'><strong>invidia</strong></span> <span class='ocrx_word' id='word_1_350' title='bbox 2760 1186 2778 1218; x_wconf 94' lang='lat'><strong>,</strong></span> <span class='ocrx_word' id='word_1_351' title='bbox 2824 1136 3043 1203; x_wconf 83' lang='lat' dir='ltr'><strong>turbat</strong></span> <span class='ocrx_word' id='word_1_352' title='bbox 3089 1133 3439 1213; x_wconf 85' lang='lat' dir='ltr'><strong>iracundia,</strong></span> 
     </span>
     <span class='ocr_line' id='line_1_54' title="bbox 1902 1241 3443 1327; baseline -0.003 -13"><span class='ocrx_word' id='word_1_353' title='bbox 1902 1249 2141 1314; x_wconf 88' lang='lat' dir='ltr'><strong>cruciat</strong></span> <span class='ocrx_word' id='word_1_354' title='bbox 2165 1247 2449 1327; x_wconf 81' lang='lat' dir='ltr'><strong>tristitia3</strong></span> <span class='ocrx_word' id='word_1_355' title='bbox 2472 1250 2536 1311; x_wconf 91' lang='lat' dir='ltr'><strong>et</strong></span> <span class='ocrx_word' id='word_1_356' title='bbox 2557 1246 2648 1310; x_wconf 85' lang='lat' dir='ltr'><strong>sic</strong></span> <span class='ocrx_word' id='word_1_357' title='bbox 2665 1245 2860 1310; x_wconf 87' lang='lat' dir='ltr'><strong>miser</strong></span> <span class='ocrx_word' id='word_1_358' title='bbox 2887 1243 3126 1309; x_wconf 81' lang='lat' dir='ltr'><strong>talibus</strong></span> <span class='ocrx_word' id='word_1_359' title='bbox 3150 1241 3443 1310; x_wconf 71' lang='lat' dir='ltr'><strong>submen-</strong></span> 
     </span>
     <span class='ocr_line' id='line_1_55' title="bbox 1903 1351 2768 1438; baseline -0.003 -18"><span class='ocrx_word' id='word_1_360' title='bbox 1903 1355 2081 1438; x_wconf 79' lang='lat' dir='ltr'><strong>gitur</strong></span> <span class='ocrx_word' id='word_1_361' title='bbox 2125 1355 2195 1420; x_wconf 91' lang='lat' dir='ltr'><strong>in</strong></span> <span class='ocrx_word' id='word_1_362' title='bbox 2228 1354 2401 1421; x_wconf 85' lang='lat' dir='ltr'><strong>vitiis</strong></span> <span class='ocrx_word' id='word_1_363' title='bbox 2442 1351 2768 1420; x_wconf 88' lang='lat' dir='ltr'><strong>omnibns.</strong></span> 
     </span>
    </p>

    <p class='ocr_par' dir='ltr' id='par_1_8' title="bbox 1892 1454 3447 4775">
     <span class='ocr_line' id='line_1_56' title="bbox 1982 1454 3439 1545; baseline -0.004 -17"><span class='ocrx_word' id='word_1_364' title='bbox 1982 1462 2072 1528; x_wconf 81' lang='lat' dir='ltr'><strong>De</strong></span> <span class='ocrx_word' id='word_1_365' title='bbox 2122 1466 2351 1545; x_wconf 85' lang='lat' dir='ltr'><strong>quarto</strong></span> <span class='ocrx_word' id='word_1_366' title='bbox 2385 1482 2401 1526; x_wconf 74' lang='grc' dir='ltr'><strong>ε</strong></span> <span class='ocrx_word' id='word_1_367' title='bbox 2455 1460 2652 1528; x_wconf 82' lang='lat' dir='ltr'><strong>Nemo</strong></span> <span class='ocrx_word' id='word_1_368' title='bbox 2690 1462 2897 1543; x_wconf 76' lang='lat' dir='ltr'><strong>potest</strong></span> <span class='ocrx_word' id='word_1_369' title='bbox 2941 1457 3157 1526; x_wconf 72' lang='lat' dir='ltr'><strong>venire</strong></span> <span class='ocrx_word' id='word_1_370' title='bbox 3196 1454 3285 1522; x_wconf 81' lang='lat' dir='ltr'><strong>acl</strong></span> <span class='ocrx_word' id='word_1_371' title='bbox 3321 1471 3439 1535; x_wconf 85' lang='lat' dir='ltr'><strong>me,</strong></span> 
     </span>
     <span class='ocr_line' id='line_1_57' title="bbox 1901 1566 3445 1652; baseline -0.004 -14"><span class='ocrx_word' id='word_1_372' title='bbox 1901 1572 2041 1638; x_wconf 67' lang='lat' dir='ltr'><strong>nisi</strong></span> <span class='ocrx_word' id='word_1_373' title='bbox 2088 1571 2276 1640; x_wconf 76' lang='lat' dir='ltr'><strong>Pater</strong></span> <span class='ocrx_word' id='word_1_374' title='bbox 2332 1586 2539 1651; x_wconf 71' lang='lat' dir='ltr'><strong>mus,</strong></span> <span class='ocrx_word' id='word_1_375' title='bbox 2586 1571 2704 1652; x_wconf 75' lang='lat' dir='ltr'><strong>qui</strong></span> <span class='ocrx_word' id='word_1_376' title='bbox 2746 1569 2929 1635; x_wconf 73' lang='lat' dir='ltr'><strong>misit</strong></span> <span class='ocrx_word' id='word_1_377' title='bbox 2981 1582 3122 1644; x_wconf 79' lang='lat' dir='ltr'><strong>me,</strong></span> <span class='ocrx_word' id='word_1_378' title='bbox 3164 1566 3445 1634; x_wconf 73' lang='lat' dir='ltr'><strong>traoeerit</strong></span> 
     </span>
     <span class='ocr_line' id='line_1_58' title="bbox 1902 1672 3445 1762; baseline -0.007 -16"><span class='ocrx_word' id='word_1_379' title='bbox 1902 1695 2069 1746; x_wconf 80' lang='lat' dir='ltr'><strong>eum.</strong></span> <span class='ocrx_word' id='word_1_380' title='bbox 2089 1676 2182 1744; x_wconf 90' lang='lat' dir='ltr'><strong>Ne</strong></span> <span class='ocrx_word' id='word_1_381' title='bbox 2207 1678 2379 1743; x_wconf 85' lang='lat' dir='ltr'><strong>dicas</strong></span> <span class='ocrx_word' id='word_1_382' title='bbox 2403 1677 2573 1762; x_wconf 89' lang='lat' dir='ltr'><strong>quod</strong></span> <span class='ocrx_word' id='word_1_383' title='bbox 2599 1676 2772 1741; x_wconf 82' lang='lat' dir='ltr'><strong>solus</strong></span> <span class='ocrx_word' id='word_1_384' title='bbox 2799 1673 2996 1740; x_wconf 80' lang='lat' dir='ltr'><strong>Filius</strong></span> <span class='ocrx_word' id='word_1_385' title='bbox 3021 1672 3328 1738; x_wconf 86' lang='lat' dir='ltr'><strong>sollicitus</strong></span> <span class='ocrx_word' id='word_1_386' title='bbox 3353 1681 3445 1737; x_wconf 82' lang='lat' dir='ltr'><strong>est</strong></span> 
     </span>
     <span class='ocr_line' id='line_1_59' title="bbox 1902 1778 3440 1870; baseline -0.006 -18"><span class='ocrx_word' id='word_1_387' title='bbox 1902 1803 2020 1870; x_wconf 91' lang='lat' dir='ltr'><strong>pro</strong></span> <span class='ocrx_word' id='word_1_388' title='bbox 2057 1785 2288 1854; x_wconf 82' lang='lat' dir='ltr'><strong>nobis:</strong></span> <span class='ocrx_word' id='word_1_389' title='bbox 2327 1801 2472 1850; x_wconf 87' lang='lat' dir='ltr'><strong>ecce</strong></span> <span class='ocrx_word' id='word_1_390' title='bbox 2504 1800 2624 1849; x_wconf 89' lang='lat' dir='ltr'><strong>nos</strong></span> <span class='ocrx_word' id='word_1_391' title='bbox 2663 1781 2862 1847; x_wconf 86' lang='lat' dir='ltr'><strong>Filius</strong></span> <span class='ocrx_word' id='word_1_392' title='bbox 2902 1785 2965 1845; x_wconf 85' lang='lat' dir='ltr'><strong>et</strong></span> <span class='ocrx_word' id='word_1_393' title='bbox 3001 1779 3187 1846; x_wconf 86' lang='lat' dir='ltr'><strong>Pater</strong></span> <span class='ocrx_word' id='word_1_394' title='bbox 3223 1778 3440 1844; x_wconf 88' lang='lat' dir='ltr'><strong>trahit.</strong></span> 
     </span>
     <span class='ocr_line' id='line_1_60' title="bbox 1905 1887 3444 1972; baseline -0.006 -13"><span class='ocrx_word' id='word_1_395' title='bbox 1905 1893 2164 1972; x_wconf 78' lang='lat' dir='ltr'><strong>Quoties</strong></span> <span class='ocrx_word' id='word_1_396' title='bbox 2187 1892 2360 1960; x_wconf 88' lang='lat' dir='ltr'><strong>enim</strong></span> <span class='ocrx_word' id='word_1_397' title='bbox 2385 1890 2693 1958; x_wconf 78' lang='lat' dir='ltr'><strong>beneficia</strong></span> <span class='ocrx_word' id='word_1_398' title='bbox 2720 1888 2831 1955; x_wconf 90' lang='lat' dir='ltr'><strong>Dei</strong></span> <span class='ocrx_word' id='word_1_399' title='bbox 2858 1887 3230 1971; x_wconf 88' lang='lat' dir='ltr'><strong>recipimus,</strong></span> <span class='ocrx_word' id='word_1_400' title='bbox 3256 1887 3444 1952; x_wconf 81' lang='lat' dir='ltr'><strong>toties</strong></span> 
     </span>
     <span class='ocr_line' id='line_1_61' title="bbox 1903 1995 3444 2083; baseline -0.005 -15"><span class='ocrx_word' id='word_1_401' title='bbox 1903 2003 2086 2068; x_wconf 84' lang='lat' dir='ltr'><strong>tracti</strong></span> <span class='ocrx_word' id='word_1_402' title='bbox 2113 2018 2377 2069; x_wconf 86' lang='lat' dir='ltr'><strong>sumus:</strong></span> <span class='ocrx_word' id='word_1_403' title='bbox 2408 2000 2576 2065; x_wconf 88' lang='lat' dir='ltr'><strong>inter</strong></span> <span class='ocrx_word' id='word_1_404' title='bbox 2603 2016 2749 2083; x_wconf 80' lang='lat' dir='ltr'><strong>quae</strong></span> <span class='ocrx_word' id='word_1_405' title='bbox 2780 2002 2995 2064; x_wconf 87' lang='lat' dir='ltr'><strong>tamen</strong></span> <span class='ocrx_word' id='word_1_406' title='bbox 3019 2013 3139 2061; x_wconf 88' lang='lat' dir='ltr'><strong>nos</strong></span> <span class='ocrx_word' id='word_1_407' title='bbox 3164 1995 3444 2062; x_wconf 86' lang='lat' dir='ltr'><strong>maxime</strong></span> 
     </span>
     <span class='ocr_line' id='line_1_62' title="bbox 1903 2102 3439 2193; baseline -0.007 -15"><span class='ocrx_word' id='word_1_408' title='bbox 1903 2111 2160 2178; x_wconf 83' lang='lat' dir='ltr'><strong>trahere</strong></span> <span class='ocrx_word' id='word_1_409' title='bbox 2192 2109 2376 2176; x_wconf 86' lang='lat' dir='ltr'><strong>debet</strong></span> <span class='ocrx_word' id='word_1_410' title='bbox 2419 2107 2728 2193; x_wconf 79' lang='lat' dir='ltr'><strong>passionis</strong></span> <span class='ocrx_word' id='word_1_411' title='bbox 2766 2104 2996 2171; x_wconf 79' lang='lat' dir='ltr'><strong>Christi</strong></span> <span class='ocrx_word' id='word_1_412' title='bbox 3031 2102 3439 2180; x_wconf 86' lang='lat' dir='ltr'><strong>beneficium,</strong></span> 
     </span>
     <span class='ocr_line' id='line_1_63' title="bbox 1904 2208 3442 2302; baseline -0.008 -17"><span class='ocrx_word' id='word_1_413' title='bbox 1904 2218 2077 2302; x_wconf 84' lang='lat' dir='ltr'><strong>quod</strong></span> <span class='ocrx_word' id='word_1_414' title='bbox 2114 2222 2246 2283; x_wconf 86' lang='lat' dir='ltr'><strong>tam</strong></span> <span class='ocrx_word' id='word_1_415' title='bbox 2276 2233 2591 2300; x_wconf 82' lang='lat' dir='ltr'><strong>magnum</strong></span> <span class='ocrx_word' id='word_1_416' title='bbox 2619 2215 2756 2297; x_wconf 90' lang='lat' dir='ltr'><strong>ipse</strong></span> <span class='ocrx_word' id='word_1_417' title='bbox 2793 2211 3077 2278; x_wconf 82' lang='lat' dir='ltr'><strong>Christus</strong></span> <span class='ocrx_word' id='word_1_418' title='bbox 3108 2208 3442 2293; x_wconf 86' lang='lat' dir='ltr'><strong>judicavit,</strong></span> 
     </span>
     <span class='ocr_line' id='line_1_64' title="bbox 1905 2317 3446 2408; baseline -0.006 -16"><span class='ocrx_word' id='word_1_419' title='bbox 1905 2324 2080 2408; x_wconf 85' lang='lat' dir='ltr'><strong>quod</strong></span> <span class='ocrx_word' id='word_1_420' title='bbox 2103 2325 2331 2396; x_wconf 83' lang='lat' dir='ltr'><strong>merito</strong></span> <span class='ocrx_word' id='word_1_421' title='bbox 2362 2328 2570 2391; x_wconf 87' lang='lat' dir='ltr'><strong>totum</strong></span> <span class='ocrx_word' id='word_1_422' title='bbox 2606 2321 2923 2400; x_wconf 81' lang='lat' dir='ltr'><strong>mundum</strong></span> <span class='ocrx_word' id='word_1_423' title='bbox 2963 2318 3216 2384; x_wconf 85' lang='lat' dir='ltr'><strong>trahere</strong></span> <span class='ocrx_word' id='word_1_424' title='bbox 3258 2317 3446 2384; x_wconf 87' lang='lat' dir='ltr'><strong>debe-</strong></span> 
     </span>
     <span class='ocr_line' id='line_1_65' title="bbox 1905 2426 3445 2511; baseline -0.005 -13"><span class='ocrx_word' id='word_1_425' title='bbox 1905 2435 2026 2498; x_wconf 89' lang='lat' dir='ltr'><strong>ret.</strong></span> <span class='ocrx_word' id='word_1_426' title='bbox 2057 2432 2236 2500; x_wconf 85' lang='lat' dir='ltr'><strong>Unde</strong></span> <span class='ocrx_word' id='word_1_427' title='bbox 2264 2433 2355 2497; x_wconf 88' lang='lat' dir='ltr'><strong>ait</strong></span> <span class='ocrx_word' id='word_1_428' title='bbox 2378 2433 2424 2473; x_wconf 86' lang='lat'><strong>¹⁰</strong></span> <span class='ocrx_word' id='word_1_429' title='bbox 2457 2452 2474 2496; x_wconf 70' lang='grc' dir='ltr'>ε</span> <span class='ocrx_word' id='word_1_430' title='bbox 2526 2453 2558 2493; x_wconf 73' lang='grc' dir='ltr'><strong>«ι</strong></span> <span class='ocrx_word' id='word_1_431' title='bbox 2581 2428 2724 2511; x_wconf 85' lang='lat' dir='ltr'><strong>Ego</strong></span> <span class='ocrx_word' id='word_1_432' title='bbox 2749 2427 2805 2493; x_wconf 87' lang='lat' dir='ltr'><strong>si</strong></span> <span class='ocrx_word' id='word_1_433' title='bbox 2835 2426 3149 2494; x_wconf 79' lang='lat' dir='ltr'><strong>exaltatus</strong></span> <span class='ocrx_word' id='word_1_434' title='bbox 3184 2426 3367 2494; x_wconf 85' lang='lat' dir='ltr'><strong>fuero</strong></span> <span class='ocrx_word' id='word_1_435' title='bbox 3405 2445 3445 2490; x_wconf 88' lang='lat' dir='ltr'><strong>a</strong></span> 
     </span>
     <span class='ocr_line' id='line_1_66' title="bbox 1906 2530 3445 2621; baseline -0.005 -15"><span class='ocrx_word' id='word_1_436' title='bbox 1906 2542 2107 2621; x_wconf 86' lang='lat' dir='ltr'><strong>terra,</strong></span> <span class='ocrx_word' id='word_1_437' title='bbox 2149 2540 2369 2606; x_wconf 88' lang='lat' dir='ltr'><strong>omnia</strong></span> <span class='ocrx_word' id='word_1_438' title='bbox 2410 2538 2663 2604; x_wconf 87' lang='lat' dir='ltr'><strong>traham</strong></span> <span class='ocrx_word' id='word_1_439' title='bbox 2698 2535 2781 2601; x_wconf 88' lang='lat' dir='ltr'><strong>ad</strong></span> <span class='ocrx_word' id='word_1_440' title='bbox 2838 2552 2941 2600; x_wconf 89' lang='lat' dir='ltr'><strong>me</strong></span> <span class='ocrx_word' id='word_1_441' title='bbox 2971 2534 3205 2617; x_wconf 87' lang='lat' dir='ltr'><strong>ipsum.</strong></span> <span class='ocrx_word' id='word_1_442' title='bbox 3233 2553 3266 2594; x_wconf 70' lang='grc' dir='ltr'><strong>υ</strong></span> <span class='ocrx_word' id='word_1_443' title='bbox 3320 2530 3445 2599; x_wconf 88' lang='lat' dir='ltr'><strong>Sed</strong></span> 
     </span>
     <span class='ocr_line' id='line_1_67' title="bbox 1905 2642 3445 2730; baseline -0.006 -16"><span class='ocrx_word' id='word_1_444' title='bbox 1905 2652 2113 2730; x_wconf 84' lang='lat' dir='ltr'><strong>potest</strong></span> <span class='ocrx_word' id='word_1_445' title='bbox 2136 2647 2346 2714; x_wconf 90' lang='lat' dir='ltr'><strong>dicere</strong></span> <span class='ocrx_word' id='word_1_446' title='bbox 2368 2644 2637 2729; x_wconf 85' lang='lat' dir='ltr'><strong>aliquis:</strong></span> <span class='ocrx_word' id='word_1_447' title='bbox 2676 2645 2836 2708; x_wconf 87' lang='lat' dir='ltr'><strong>Ecce</strong></span> <span class='ocrx_word' id='word_1_448' title='bbox 2867 2656 3057 2705; x_wconf 89' lang='lat' dir='ltr'><strong>nemo</strong></span> <span class='ocrx_word' id='word_1_449' title='bbox 3086 2642 3291 2721; x_wconf 82' lang='lat' dir='ltr'><strong>potest</strong></span> <span class='ocrx_word' id='word_1_450' title='bbox 3329 2657 3445 2706; x_wconf 85' lang='lat' dir='ltr'><strong>ve-</strong></span> 
     </span>
     <span class='ocr_line' id='line_1_68' title="bbox 1906 2746 3446 2833; baseline -0.006 -15"><span class='ocrx_word' id='word_1_451' title='bbox 1906 2754 2047 2820; x_wconf 91' lang='lat' dir='ltr'><strong>nire</strong></span> <span class='ocrx_word' id='word_1_452' title='bbox 2086 2755 2167 2820; x_wconf 84' lang='lat' dir='ltr'><strong>ad</strong></span> <span class='ocrx_word' id='word_1_453' title='bbox 2204 2753 2558 2833; x_wconf 85' lang='lat' dir='ltr'><strong>Christum,</strong></span> <span class='ocrx_word' id='word_1_454' title='bbox 2588 2750 2713 2816; x_wconf 87' lang='lat' dir='ltr'><strong>nisi</strong></span> <span class='ocrx_word' id='word_1_455' title='bbox 2745 2752 3001 2815; x_wconf 82' lang='lat' dir='ltr'><strong>tractus.</strong></span> <span class='ocrx_word' id='word_1_456' title='bbox 3029 2746 3101 2813; x_wconf 90' lang='lat' dir='ltr'><strong>Si</strong></span> <span class='ocrx_word' id='word_1_457' title='bbox 3139 2764 3297 2829; x_wconf 77' lang='lat' dir='ltr'><strong>ergo</strong></span> <span class='ocrx_word' id='word_1_458' title='bbox 3332 2764 3446 2831; x_wconf 88' lang='lat' dir='ltr'><strong>per</strong></span> 
     </span>
     <span class='ocr_line' id='line_1_69' title="bbox 1908 2857 3444 2946; baseline -0.007 -15"><span class='ocrx_word' id='word_1_459' title='bbox 1908 2864 2187 2946; x_wconf 75' lang='lat' dir='ltr'><strong>gratiam</strong></span> <span class='ocrx_word' id='word_1_460' title='bbox 2224 2881 2358 2929; x_wconf 90' lang='lat' dir='ltr'><strong>non</strong></span> <span class='ocrx_word' id='word_1_461' title='bbox 2390 2863 2616 2928; x_wconf 86' lang='lat' dir='ltr'><strong>trahor</strong></span> <span class='ocrx_word' id='word_1_462' title='bbox 2630 2908 2650 2942; x_wconf 92' lang='lat'><strong>,</strong></span> <span class='ocrx_word' id='word_1_463' title='bbox 2688 2857 3008 2944; x_wconf 88' lang='lat' dir='ltr'><strong>quomodo</strong></span> <span class='ocrx_word' id='word_1_464' title='bbox 3037 2857 3259 2924; x_wconf 82' lang='lat' dir='ltr'><strong>venire</strong></span> <span class='ocrx_word' id='word_1_465' title='bbox 3296 2874 3444 2941; x_wconf 89' lang='lat' dir='ltr'><strong>pos-</strong></span> 
     </span>
     <span class='ocr_line' id='line_1_70' title="bbox 1906 2967 3445 3053; baseline -0.006 -13"><span class='ocrx_word' id='word_1_466' title='bbox 1906 2992 2054 3043; x_wconf 87' lang='lat' dir='ltr'><strong>sum</strong></span> <span class='ocrx_word' id='word_1_467' title='bbox 2071 2976 2104 3039; x_wconf 75' lang='lat'><strong>⁴?</strong></span> <span class='ocrx_word' id='word_1_468' title='bbox 2127 2973 2422 3053; x_wconf 79' lang='lat' dir='ltr'><strong>Attende,</strong></span> <span class='ocrx_word' id='word_1_469' title='bbox 2450 2972 2647 3037; x_wconf 90' lang='lat' dir='ltr'><strong>homo</strong></span> <span class='ocrx_word' id='word_1_470' title='bbox 2669 2991 2686 3036; x_wconf 70' lang='grc' dir='ltr'>ε</span> <span class='ocrx_word' id='word_1_471' title='bbox 2710 2987 2854 3036; x_wconf 87' lang='lat' dir='ltr'><strong>ecoe</strong></span> <span class='ocrx_word' id='word_1_472' title='bbox 2876 2969 2931 3033; x_wconf 88' lang='lat' dir='ltr'><strong>si</strong></span> <span class='ocrx_word' id='word_1_473' title='bbox 2950 2967 3140 3034; x_wconf 90' lang='lat' dir='ltr'><strong>modo</strong></span> <span class='ocrx_word' id='word_1_474' title='bbox 3160 2967 3445 3051; x_wconf 78' lang='lat' dir='ltr'><strong>igue‚vel</strong></span> 
     </span>
     <span class='ocr_line' id='line_1_71' title="bbox 1906 3074 3442 3167; baseline -0.005 -18"><span class='ocrx_word' id='word_1_475' title='bbox 1906 3101 2096 3167; x_wconf 81' lang='lat' dir='ltr'><strong>aqua,</strong></span> <span class='ocrx_word' id='word_1_476' title='bbox 2117 3081 2224 3148; x_wconf 83' lang='lat' dir='ltr'><strong>vel</strong></span> <span class='ocrx_word' id='word_1_477' title='bbox 2252 3079 2538 3146; x_wconf 83' lang='lat' dir='ltr'><strong>hostibus</strong></span> <span class='ocrx_word' id='word_1_478' title='bbox 2572 3079 2810 3162; x_wconf 83' lang='lat' dir='ltr'><strong>repleta</strong></span> <span class='ocrx_word' id='word_1_479' title='bbox 2838 3080 3000 3144; x_wconf 84' lang='lat' dir='ltr'><strong>esset</strong></span> <span class='ocrx_word' id='word_1_480' title='bbox 3020 3076 3163 3142; x_wconf 80' lang='lat' dir='ltr'><strong>hoec</strong></span> <span class='ocrx_word' id='word_1_481' title='bbox 3200 3074 3442 3155; x_wconf 85' lang='lat' dir='ltr'><strong>civitas,</strong></span> 
     </span>
     <span class='ocr_line' id='line_1_72' title="bbox 1905 3184 3447 3269; baseline -0.006 -11"><span class='ocrx_word' id='word_1_482' title='bbox 1905 3195 1971 3258; x_wconf 87' lang='lat' dir='ltr'><strong>et</strong></span> <span class='ocrx_word' id='word_1_483' title='bbox 1992 3190 2175 3256; x_wconf 90' lang='lat' dir='ltr'><strong>nullo</strong></span> <span class='ocrx_word' id='word_1_484' title='bbox 2219 3189 2408 3257; x_wconf 91' lang='lat' dir='ltr'><strong>modo</strong></span> <span class='ocrx_word' id='word_1_485' title='bbox 2435 3188 2704 3256; x_wconf 87' lang='lat' dir='ltr'><strong>evadere</strong></span> <span class='ocrx_word' id='word_1_486' title='bbox 2728 3203 2978 3269; x_wconf 75' lang='lat' dir='ltr'><strong>posses,</strong></span> <span class='ocrx_word' id='word_1_487' title='bbox 3017 3184 3139 3250; x_wconf 87' lang='lat' dir='ltr'><strong>nisi</strong></span> <span class='ocrx_word' id='word_1_488' title='bbox 3166 3202 3282 3267; x_wconf 90' lang='lat' dir='ltr'><strong>per</strong></span> <span class='ocrx_word' id='word_1_489' title='bbox 3315 3188 3447 3249; x_wconf 91' lang='lat' dir='ltr'><strong>tur-</strong></span> 
     </span>
     <span class='ocr_line' id='line_1_73' title="bbox 1905 3292 3446 3372; baseline -0.006 -8"><span class='ocrx_word' id='word_1_490' title='bbox 1905 3299 2033 3364; x_wconf 90' lang='lat' dir='ltr'><strong>rim</strong></span> <span class='ocrx_word' id='word_1_491' title='bbox 2072 3297 2447 3364; x_wconf 61' lang='lat' dir='ltr'><strong>altisdmam</strong></span> <span class='ocrx_word' id='word_1_492' title='bbox 2485 3293 2829 3362; x_wconf 84' lang='lat' dir='ltr'><strong>trahereris</strong></span> <span class='ocrx_word' id='word_1_493' title='bbox 2845 3341 2866 3372; x_wconf 94' lang='lat'><strong>,</strong></span> <span class='ocrx_word' id='word_1_494' title='bbox 2897 3296 2963 3358; x_wconf 88' lang='lat' dir='ltr'><strong>et</strong></span> <span class='ocrx_word' id='word_1_495' title='bbox 2998 3292 3244 3357; x_wconf 88' lang='lat' dir='ltr'><strong>amicus</strong></span> <span class='ocrx_word' id='word_1_496' title='bbox 3290 3293 3446 3356; x_wconf 83' lang='lat' dir='ltr'><strong>tuus</strong></span> 
     </span>
     <span class='ocr_line' id='line_1_74' title="bbox 1905 3398 3441 3489; baseline -0.006 -18"><span class='ocrx_word' id='word_1_497' title='bbox 1905 3410 2080 3474; x_wconf 81' lang='lat' dir='ltr'><strong>stans</strong></span> <span class='ocrx_word' id='word_1_498' title='bbox 2105 3421 2297 3489; x_wconf 86' lang='lat' dir='ltr'><strong>super</strong></span> <span class='ocrx_word' id='word_1_499' title='bbox 2325 3404 2579 3483; x_wconf 89' lang='lat' dir='ltr'><strong>turrim,</strong></span> <span class='ocrx_word' id='word_1_500' title='bbox 2607 3403 2762 3468; x_wconf 83' lang='lat' dir='ltr'><strong>fune</strong></span> <span class='ocrx_word' id='word_1_501' title='bbox 2787 3400 3051 3468; x_wconf 84' lang='lat' dir='ltr'><strong>dimisso</strong></span> <span class='ocrx_word' id='word_1_502' title='bbox 3062 3400 3146 3484; x_wconf 89' lang='lat' dir='ltr'><strong>(b)</strong></span> <span class='ocrx_word' id='word_1_503' title='bbox 3159 3398 3441 3479; x_wconf 81' lang='lat' dir='ltr'><strong>inferius,</strong></span> 
     </span>
     <span class='ocr_line' id='line_1_75' title="bbox 1904 3507 3443 3597; baseline -0.007 -17"><span class='ocrx_word' id='word_1_504' title='bbox 1904 3518 2168 3597; x_wconf 85' lang='lat' dir='ltr'><strong>paratus</strong></span> <span class='ocrx_word' id='word_1_505' title='bbox 2194 3516 2359 3578; x_wconf 85' lang='lat' dir='ltr'><strong>esset</strong></span> <span class='ocrx_word' id='word_1_506' title='bbox 2388 3511 2459 3594; x_wconf 85' lang='lat' dir='ltr'><strong>(c)</strong></span> <span class='ocrx_word' id='word_1_507' title='bbox 2489 3515 2555 3577; x_wconf 91' lang='lat' dir='ltr'><strong>et</strong></span> <span class='ocrx_word' id='word_1_508' title='bbox 2578 3508 2930 3594; x_wconf 86' lang='lat' dir='ltr'><strong>quemlihet</strong></span> <span class='ocrx_word' id='word_1_509' title='bbox 2966 3507 3287 3572; x_wconf 84' lang='lat' dir='ltr'><strong>volentem</strong></span> <span class='ocrx_word' id='word_1_510' title='bbox 3312 3509 3443 3570; x_wconf 83' lang='lat' dir='ltr'><strong>tra-</strong></span> 
     </span>
     <span class='ocr_line' id='line_1_76' title="bbox 1903 3613 3442 3699; baseline -0.006 -14"><span class='ocrx_word' id='word_1_511' title='bbox 1903 3620 2057 3688; x_wconf 88' lang='lat' dir='ltr'><strong>here</strong></span> <span class='ocrx_word' id='word_1_512' title='bbox 2084 3635 2381 3685; x_wconf 85' lang='lat' dir='ltr'><strong>sursum:</strong></span> <span class='ocrx_word' id='word_1_513' title='bbox 2413 3619 2467 3682; x_wconf 89' lang='lat' dir='ltr'><strong>si</strong></span> <span class='ocrx_word' id='word_1_514' title='bbox 2512 3634 2675 3699; x_wconf 78' lang='lat' dir='ltr'><strong>ergo</strong></span> <span class='ocrx_word' id='word_1_515' title='bbox 2700 3621 2772 3683; x_wconf 86' lang='lat' dir='ltr'><strong>tu</strong></span> <span class='ocrx_word' id='word_1_516' title='bbox 2805 3632 3073 3681; x_wconf 87' lang='lat' dir='ltr'><strong>manum</strong></span> <span class='ocrx_word' id='word_1_517' title='bbox 3113 3613 3195 3678; x_wconf 87' lang='lat' dir='ltr'><strong>ad</strong></span> <span class='ocrx_word' id='word_1_518' title='bbox 3220 3614 3442 3678; x_wconf 87' lang='lat' dir='ltr'><strong>funem</strong></span> 
     </span>
     <span class='ocr_line' id='line_1_77' title="bbox 1900 3720 3446 3805; baseline -0.006 -11"><span class='ocrx_word' id='word_1_519' title='bbox 1900 3746 2031 3794; x_wconf 90' lang='lat' dir='ltr'><strong>non</strong></span> <span class='ocrx_word' id='word_1_520' title='bbox 2052 3727 2357 3805; x_wconf 70' lang='lat' dir='ltr'><strong>mitteres»,</strong></span> <span class='ocrx_word' id='word_1_521' title='bbox 2386 3724 2493 3792; x_wconf 91' lang='lat' dir='ltr'><strong>vel</strong></span> <span class='ocrx_word' id='word_1_522' title='bbox 2526 3724 2582 3788; x_wconf 87' lang='lat' dir='ltr'><strong>si</strong></span> <span class='ocrx_word' id='word_1_523' title='bbox 2602 3741 2735 3789; x_wconf 89' lang='lat' dir='ltr'><strong>non</strong></span> <span class='ocrx_word' id='word_1_524' title='bbox 2760 3722 3062 3802; x_wconf 84' lang='lat' dir='ltr'><strong>traxeris,</strong></span> <span class='ocrx_word' id='word_1_525' title='bbox 3090 3720 3197 3786; x_wconf 83' lang='lat' dir='ltr'><strong>vel</strong></span> <span class='ocrx_word' id='word_1_526' title='bbox 3216 3720 3288 3786; x_wconf 92' lang='lat' dir='ltr'><strong>in</strong></span> <span class='ocrx_word' id='word_1_527' title='bbox 3315 3737 3446 3785; x_wconf 88' lang='lat' dir='ltr'><strong>me·</strong></span> 
     </span>
     <span class='ocr_line' id='line_1_78' title="bbox 1902 3830 3445 3915; baseline -0.005 -16"><span class='ocrx_word' id='word_1_528' title='bbox 1902 3835 2009 3899; x_wconf 88' lang='lat' dir='ltr'><strong>dia</strong></span> <span class='ocrx_word' id='word_1_529' title='bbox 2034 3834 2142 3899; x_wconf 84' lang='lat' dir='ltr'><strong>via</strong></span> <span class='ocrx_word' id='word_1_530' title='bbox 2162 3835 2380 3899; x_wconf 80' lang='lat' dir='ltr'><strong>funem</strong></span> <span class='ocrx_word' id='word_1_531' title='bbox 2412 3831 2784 3915; x_wconf 86' lang='lat' dir='ltr'><strong>relinquens</strong></span> <span class='ocrx_word' id='word_1_532' title='bbox 2802 3830 3080 3909; x_wconf 82' lang='lat' dir='ltr'><strong>caderes,</strong></span> <span class='ocrx_word' id='word_1_533' title='bbox 3101 3831 3257 3896; x_wconf 89' lang='lat' dir='ltr'><strong>tunc</strong></span> <span class='ocrx_word' id='word_1_534' title='bbox 3280 3835 3445 3894; x_wconf 88' lang='lat' dir='ltr'><strong>certe</strong></span> 
     </span>
     <span class='ocr_line' id='line_1_79' title="bbox 1904 3934 3444 4024; baseline -0.006 -17"><span class='ocrx_word' id='word_1_535' title='bbox 1904 3949 2017 4008; x_wconf 86' lang='lat' dir='ltr'><strong>tua</strong></span> <span class='ocrx_word' id='word_1_536' title='bbox 2034 3941 2222 4024; x_wconf 89' lang='lat' dir='ltr'><strong>culpa</strong></span> <span class='ocrx_word' id='word_1_537' title='bbox 2237 3943 2422 4021; x_wconf 86' lang='lat' dir='ltr'><strong>esset,</strong></span> <span class='ocrx_word' id='word_1_538' title='bbox 2442 3938 2612 4023; x_wconf 85' lang='lat' dir='ltr'><strong>quod</strong></span> <span class='ocrx_word' id='word_1_539' title='bbox 2641 3956 2772 4005; x_wconf 91' lang='lat' dir='ltr'><strong>non</strong></span> <span class='ocrx_word' id='word_1_540' title='bbox 2793 3937 3119 4005; x_wconf 83' lang='lat' dir='ltr'><strong>evaderes.</strong></span> <span class='ocrx_word' id='word_1_541' title='bbox 3149 3934 3256 4000; x_wconf 89' lang='lat' dir='ltr'><strong>Sic</strong></span> <span class='ocrx_word' id='word_1_542' title='bbox 3270 3935 3444 4000; x_wconf 90' lang='lat' dir='ltr'><strong>enim</strong></span> 
     </span>
     <span class='ocr_line' id='line_1_80' title="bbox 1901 4040 3441 4131; baseline -0.005 -16"><span class='ocrx_word' id='word_1_543' title='bbox 1901 4050 1978 4115; x_wconf 91' lang='lat' dir='ltr'><strong>de</strong></span> <span class='ocrx_word' id='word_1_544' title='bbox 2002 4050 2160 4114; x_wconf 84' lang='lat' dir='ltr'><strong>fune</strong></span> <span class='ocrx_word' id='word_1_545' title='bbox 2183 4048 2411 4131; x_wconf 82' lang='lat' dir='ltr'><strong>gratiae</strong></span> <span class='ocrx_word' id='word_1_546' title='bbox 2436 4050 2502 4112; x_wconf 85' lang='lat' dir='ltr'><strong>et</strong></span> <span class='ocrx_word' id='word_1_547' title='bbox 2526 4046 2875 4123; x_wconf 78' lang='lat' dir='ltr'><strong>charitatis,</strong></span> <span class='ocrx_word' id='word_1_548' title='bbox 2897 4061 3013 4127; x_wconf 90' lang='lat' dir='ltr'><strong>per</strong></span> <span class='ocrx_word' id='word_1_549' title='bbox 3032 4061 3229 4128; x_wconf 87' lang='lat' dir='ltr'><strong>quam</strong></span> <span class='ocrx_word' id='word_1_550' title='bbox 3252 4040 3441 4122; x_wconf 82' lang='lat' dir='ltr'><strong>neus,</strong></span> 
     </span>
     <span class='ocr_line' id='line_1_81' title="bbox 1899 4148 3443 4238; baseline -0.006 -16"><span class='ocrx_word' id='word_1_551' title='bbox 1899 4156 2145 4222; x_wconf 89' lang='lat' dir='ltr'><strong>amicus</strong></span> <span class='ocrx_word' id='word_1_552' title='bbox 2169 4174 2385 4234; x_wconf 85' lang='lat' dir='ltr'><strong>verus,</strong></span> <span class='ocrx_word' id='word_1_553' title='bbox 2415 4157 2676 4238; x_wconf 83' lang='lat' dir='ltr'><strong>paratus</strong></span> <span class='ocrx_word' id='word_1_554' title='bbox 2708 4156 2807 4220; x_wconf 84' lang='lat' dir='ltr'><strong>est</strong></span> <span class='ocrx_word' id='word_1_555' title='bbox 2834 4169 3058 4218; x_wconf 77' lang='lat' dir='ltr'><strong>omnes</strong></span> <span class='ocrx_word' id='word_1_556' title='bbox 3083 4148 3337 4214; x_wconf 90' lang='lat' dir='ltr'><strong>trahere</strong></span> <span class='ocrx_word' id='word_1_557' title='bbox 3363 4148 3443 4214; x_wconf 91' lang='lat' dir='ltr'><strong>ad</strong></span> 
     </span>
     <span class='ocr_line' id='line_1_82' title="bbox 1896 4258 3438 4347; baseline -0.005 -18"><span class='ocrx_word' id='word_1_558' title='bbox 1896 4264 2048 4342; x_wconf 84' lang='lat' dir='ltr'><strong>alta,</strong></span> <span class='ocrx_word' id='word_1_559' title='bbox 2077 4262 2320 4347; x_wconf 87' lang='lat' dir='ltr'><strong>quiper</strong></span> <span class='ocrx_word' id='word_1_560' title='bbox 2349 4279 2615 4327; x_wconf 90' lang='lat' dir='ltr'><strong>manum</strong></span> <span class='ocrx_word' id='word_1_561' title='bbox 2628 4259 2782 4325; x_wconf 82' lang='lat' dir='ltr'><strong>boni</strong></span> <span class='ocrx_word' id='word_1_562' title='bbox 2806 4258 3021 4343; x_wconf 82' lang='lat' dir='ltr'><strong>operis</strong></span> <span class='ocrx_word' id='word_1_563' title='bbox 3046 4258 3264 4324; x_wconf 81' lang='lat' dir='ltr'><strong>funem</strong></span> <span class='ocrx_word' id='word_1_564' title='bbox 3287 4275 3438 4338; x_wconf 81' lang='lat' dir='ltr'><strong>gra-</strong></span> 
     </span>
     <span class='ocr_line' id='line_1_83' title="bbox 1898 4355 3444 4436; baseline -0.003 0"><span class='ocrx_word' id='word_1_565' title='bbox 1898 4372 2005 4436; x_wconf 85' lang='lat' dir='ltr'><strong>tiae</strong></span> <span class='ocrx_word' id='word_1_566' title='bbox 2027 4371 2271 4435; x_wconf 83' lang='lat' dir='ltr'><strong>fortiter</strong></span> <span class='ocrx_word' id='word_1_567' title='bbox 2295 4371 2537 4434; x_wconf 84' lang='lat' dir='ltr'><strong>tenent.</strong></span> <span class='ocrx_word' id='word_1_568' title='bbox 2562 4367 2741 4433; x_wconf 88' lang='lat' dir='ltr'><strong>Unde</strong></span> <span class='ocrx_word' id='word_1_569' title='bbox 2760 4366 2925 4432; x_wconf 89' lang='lat' dir='ltr'><strong>bene</strong></span> <span class='ocrx_word' id='word_1_570' title='bbox 2947 4355 3142 4431; x_wconf 73' lang='lat' dir='ltr'><strong>dicit!</strong></span> <span class='ocrx_word' id='word_1_571' title='bbox 3170 4363 3244 4431; x_wconf 72' lang='lat' dir='ltr'><strong>si</strong></span> <span class='ocrx_word' id='word_1_572' title='bbox 3259 4363 3444 4432; x_wconf 71' lang='lat' dir='ltr'><strong>exal·</strong></span> 
     </span>
     <span class='ocr_line' id='line_1_84' title="bbox 1896 4474 3439 4558; baseline -0.006 -13"><span class='ocrx_word' id='word_1_573' title='bbox 1896 4483 2070 4545; x_wconf 74' lang='lat' dir='ltr'><strong>tatus</strong></span> <span class='ocrx_word' id='word_1_574' title='bbox 2099 4478 2278 4558; x_wconf 64' lang='lat' dir='ltr'><strong>fuero</strong></span> <span class='ocrx_word' id='word_1_575' title='bbox 2289 4523 2312 4557; x_wconf 91' lang='lat'><strong>,</strong></span> <span class='ocrx_word' id='word_1_576' title='bbox 2343 4480 2462 4542; x_wconf 89' lang='lat' dir='ltr'><strong>etc.</strong></span> <span class='ocrx_word' id='word_1_577' title='bbox 2505 4474 2584 4540; x_wconf 87' lang='lat' dir='ltr'><strong>Et</strong></span> <span class='ocrx_word' id='word_1_578' title='bbox 2624 4477 2790 4539; x_wconf 82' lang='lat' dir='ltr'><strong>certe</strong></span> <span class='ocrx_word' id='word_1_579' title='bbox 2819 4491 2952 4538; x_wconf 90' lang='lat' dir='ltr'><strong>non</strong></span> <span class='ocrx_word' id='word_1_580' title='bbox 2992 4489 3201 4539; x_wconf 83' lang='lat' dir='ltr'><strong>novus</strong></span> <span class='ocrx_word' id='word_1_581' title='bbox 3233 4488 3439 4551; x_wconf 84' lang='lat' dir='ltr'><strong>amor,</strong></span> 
     </span>
     <span class='ocr_line' id='line_1_85' title="bbox 1895 4578 3443 4669; baseline -0.004 -20"><span class='ocrx_word' id='word_1_582' title='bbox 1895 4603 2026 4669; x_wconf 82' lang='lat' dir='ltr'><strong>quo</strong></span> <span class='ocrx_word' id='word_1_583' title='bbox 2048 4602 2168 4650; x_wconf 83' lang='lat' dir='ltr'><strong>nos</strong></span> <span class='ocrx_word' id='word_1_584' title='bbox 2193 4582 2414 4662; x_wconf 86' lang='lat' dir='ltr'><strong>trahit,</strong></span> <span class='ocrx_word' id='word_1_585' title='bbox 2442 4582 2553 4648; x_wconf 87' lang='lat' dir='ltr'><strong>sed</strong></span> <span class='ocrx_word' id='word_1_586' title='bbox 2571 4582 2877 4663; x_wconf 86' lang='lat' dir='ltr'><strong>antiquus</strong></span> <span class='ocrx_word' id='word_1_587' title='bbox 2895 4581 2938 4617; x_wconf 86' lang='lat'><strong>¹¹</strong></span> <span class='ocrx_word' id='word_1_588' title='bbox 2962 4580 3112 4647; x_wconf 79' lang='lat' dir='ltr'><strong>:dn</strong></span> <span class='ocrx_word' id='word_1_589' title='bbox 3135 4578 3443 4644; x_wconf 83' lang='lat' dir='ltr'><strong>charitate</strong></span> 
     </span>
     <span class='ocr_line' id='line_1_86' title="bbox 1892 4688 2922 4775; baseline -0.005 -17"><span class='ocrx_word' id='word_1_590' title='bbox 1892 4694 2200 4775; x_wconf 88' lang='lat' dir='ltr'><strong>perpetua</strong></span> <span class='ocrx_word' id='word_1_591' title='bbox 2223 4688 2419 4755; x_wconf 84' lang='lat' dir='ltr'><strong>dilexi</strong></span> <span class='ocrx_word' id='word_1_592' title='bbox 2445 4693 2531 4766; x_wconf 91' lang='lat' dir='ltr'><strong>te,</strong></span> <span class='ocrx_word' id='word_1_593' title='bbox 2562 4688 2726 4769; x_wconf 87' lang='lat' dir='ltr'><strong>ideo,</strong></span> <span class='ocrx_word' id='word_1_594' title='bbox 2744 4709 2776 4748; x_wconf 86' lang='lat'>»</span> <span class='ocrx_word' id='word_1_595' title='bbox 2802 4691 2922 4753; x_wconf 89' lang='lat' dir='ltr'><strong>etc.</strong></span> 
     </span>
    </p>
   </div>
   <div class='ocr_carea' id='block_1_6' title="bbox 2449 4863 2890 4979">
    <p class='ocr_par' dir='ltr' id='par_1_9' title="bbox 2449 4863 2890 4979">
     <span class='ocr_line' id='line_1_87' title="bbox 2449 4863 2890 4979; baseline -0.007 -40"><span class='ocrx_word' id='word_1_596' title='bbox 2449 4863 2741 4940; x_wconf 76' lang='lat' dir='ltr'><strong>SERMo</strong></span> <span class='ocrx_word' id='word_1_597' title='bbox 2783 4867 2890 4979; x_wconf 52' lang='lat'><strong>11„</strong></span> 
     </span>
    </p>
   </div>
   <div class='ocr_carea' id='block_1_7' title="bbox 1889 5015 3440 5206">
    <p class='ocr_par' dir='ltr' id='par_1_10' title="bbox 1889 5015 3440 5206">
     <span class='ocr_line' id='line_1_88' title="bbox 1971 5015 3440 5104; baseline -0.003 -19"><span class='ocrx_word' id='word_1_598' title='bbox 1971 5021 2164 5092; x_wconf 77' lang='lat' dir='ltr'><strong>Nemo</strong></span> <span class='ocrx_word' id='word_1_599' title='bbox 2177 5022 2383 5104; x_wconf 71' lang='lat' dir='ltr'><strong>potest</strong></span> <span class='ocrx_word' id='word_1_600' title='bbox 2408 5020 2626 5087; x_wconf 76' lang='lat' dir='ltr'><strong>venire</strong></span> <span class='ocrx_word' id='word_1_601' title='bbox 2661 5017 2753 5086; x_wconf 83' lang='lat' dir='ltr'><strong>ad</strong></span> <span class='ocrx_word' id='word_1_602' title='bbox 2778 5033 2899 5097; x_wconf 79' lang='lat' dir='ltr'><strong>me,</strong></span> <span class='ocrx_word' id='word_1_603' title='bbox 2928 5016 3069 5084; x_wconf 76' lang='lat' dir='ltr'><strong>nisi</strong></span> <span class='ocrx_word' id='word_1_604' title='bbox 3088 5017 3300 5096; x_wconf 77' lang='lat' dir='ltr'><strong>Pater,</strong></span> <span class='ocrx_word' id='word_1_605' title='bbox 3320 5015 3440 5097; x_wconf 78' lang='lat' dir='ltr'><strong>qui</strong></span> 
     </span>
     <span class='ocr_line' id='line_1_89' title="bbox 1889 5121 3435 5206; baseline -0.006 -10"><span class='ocrx_word' id='word_1_606' title='bbox 1889 5130 2073 5196; x_wconf 76' lang='lat' dir='ltr'><strong>misit</strong></span> <span class='ocrx_word' id='word_1_607' title='bbox 2097 5144 2195 5195; x_wconf 82' lang='lat' dir='ltr'><strong>me</strong></span> <span class='ocrx_word' id='word_1_608' title='bbox 2217 5176 2236 5206; x_wconf 90' lang='lat'><strong>,</strong></span> <span class='ocrx_word' id='word_1_609' title='bbox 2268 5128 2550 5196; x_wconf 72' lang='lat' dir='ltr'><strong>traxerit</strong></span> <span class='ocrx_word' id='word_1_610' title='bbox 2604 5124 2811 5192; x_wconf 80' lang='lat' dir='ltr'><strong>illum.</strong></span> <span class='ocrx_word' id='word_1_611' title='bbox 2858 5122 3078 5189; x_wconf 88' lang='lat' dir='ltr'><strong>Trahit</strong></span> <span class='ocrx_word' id='word_1_612' title='bbox 3107 5121 3435 5188; x_wconf 90' lang='lat' dir='ltr'><strong>hominem</strong></span> 
     </span>
    </p>
   </div>
   <div class='ocr_carea' id='block_1_8' title="bbox 1888 5247 3434 5387">
    <p class='ocr_par' dir='ltr' id='par_1_11' title="bbox 1888 5247 3434 5387">
     <span class='ocr_line' id='line_1_90' title="bbox 1896 5247 3434 5318; baseline -0.004 -13"><span class='ocrx_word' id='word_1_613' title='bbox 1896 5253 2057 5318; x_wconf 68' lang='lat' dir='ltr'><strong>semp.</strong></span> <span class='ocrx_word' id='word_1_614' title='bbox 2088 5264 2268 5317; x_wconf 76' lang='lat' dir='ltr'><strong>ccxiii,</strong></span> <span class='ocrx_word' id='word_1_615' title='bbox 2295 5266 2350 5305; x_wconf 93' lang='lat' dir='ltr'><strong>n.</strong></span> <span class='ocrx_word' id='word_1_616' title='bbox 2372 5256 2420 5315; x_wconf 79' lang='lat'><strong>1,</strong></span> <span class='ocrx_word' id='word_1_617' title='bbox 2439 5251 2574 5303; x_wconf 88' lang='lat' dir='ltr'><strong>inter</strong></span> <span class='ocrx_word' id='word_1_618' title='bbox 2593 5253 2736 5317; x_wconf 76' lang='lat' dir='ltr'><strong>oper.</strong></span> <span class='ocrx_word' id='word_1_619' title='bbox 2761 5252 2912 5316; x_wconf 69' lang='lat' dir='ltr'><strong>Aug„</strong></span> <span class='ocrx_word' id='word_1_620' title='bbox 2934 5247 3152 5315; x_wconf 82' lang='lat' dir='ltr'><strong>append.</strong></span> <span class='ocrx_word' id='word_1_621' title='bbox 3176 5248 3434 5301; x_wconf 75' lang='lat' dir='ltr'><strong>tom-V.—</strong></span> 
     </span>
     <span class='ocr_line' id='line_1_91' title="bbox 1888 5321 3430 5387; baseline -0.005 -11"><span class='ocrx_word' id='word_1_622' title='bbox 1888 5324 1909 5361; x_wconf 83' lang='lat'>⁸</span> <span class='ocrx_word' id='word_1_623' title='bbox 1928 5324 2132 5387; x_wconf 64' lang='lat' dir='ltr'><strong>flattu„</strong></span> <span class='ocrx_word' id='word_1_624' title='bbox 2145 5337 2256 5387; x_wconf 77' lang='lat' dir='ltr'><strong>xiv,</strong></span> <span class='ocrx_word' id='word_1_625' title='bbox 2276 5327 2420 5376; x_wconf 79' lang='lat'><strong>28.—</strong></span> <span class='ocrx_word' id='word_1_626' title='bbox 2438 5324 2476 5358; x_wconf 79' lang='lat'><strong>⁸⁰</strong></span> <span class='ocrx_word' id='word_1_627' title='bbox 2492 5322 2654 5386; x_wconf 66' lang='lat' dir='ltr'><strong>loon„</strong></span> <span class='ocrx_word' id='word_1_628' title='bbox 2671 5334 2771 5385; x_wconf 88' lang='lat' dir='ltr'><strong>x11,</strong></span> <span class='ocrx_word' id='word_1_629' title='bbox 2787 5324 2933 5373; x_wconf 63' lang='lat'><strong>32—</strong></span> <span class='ocrx_word' id='word_1_630' title='bbox 2949 5323 2986 5355; x_wconf 81' lang='lat'><strong>¹¹</strong></span> <span class='ocrx_word' id='word_1_631' title='bbox 3002 5321 3201 5380; x_wconf 71' lang='lat' dir='ltr'><strong>lev-em„</strong></span> <span class='ocrx_word' id='word_1_632' title='bbox 3220 5331 3367 5383; x_wconf 76' lang='lat' dir='ltr'><strong>xxxi,</strong></span> <span class='ocrx_word' id='word_1_633' title='bbox 3383 5322 3430 5369; x_wconf 78' lang='lat'><strong>8.</strong></span> 
     </span>
    </p>
   </div>
   <div class='ocr_carea' id='block_1_9' title="bbox 230 5378 3431 5463">
    <p class='ocr_par' dir='ltr' id='par_1_12' title="bbox 230 5378 3431 5463">
     <span class='ocr_line' id='line_1_92' title="bbox 230 5378 3431 5463; baseline 0.006 -32"><span class='ocrx_word' id='word_1_634' title='bbox 230 5382 313 5431; x_wconf 79' lang='lat'><strong>29.</strong></span> <span class='ocrx_word' id='word_1_635' title='bbox 347 5405 413 5418; x_wconf 93' lang='lat'>—</span> <span class='ocrx_word' id='word_1_636' title='bbox 447 5380 470 5417; x_wconf 84' lang='lat'>⁸</span> <span class='ocrx_word' id='word_1_637' title='bbox 506 5378 706 5439; x_wconf 63' lang='lat' dir='ltr'><strong>unuh„</strong></span> <span class='ocrx_word' id='word_1_638' title='bbox 744 5391 864 5444; x_wconf 81' lang='lat' dir='ltr'><strong>xlx,</strong></span> <span class='ocrx_word' id='word_1_639' title='bbox 909 5385 983 5432; x_wconf 75' lang='lat'><strong>¹4.</strong></span> <span class='ocrx_word' id='word_1_640' title='bbox 1027 5407 1083 5418; x_wconf 88' lang='lat'><strong>--</strong></span> <span class='ocrx_word' id='word_1_641' title='bbox 1125 5383 1146 5414; x_wconf 79' lang='lat'>⁸</span> <span class='ocrx_word' id='word_1_642' title='bbox 1189 5382 1397 5449; x_wconf 60' lang='lat' dir='ltr'><strong>naith„</strong></span> <span class='ocrx_word' id='word_1_643' title='bbox 1435 5397 1594 5451; x_wconf 82' lang='lat' dir='ltr'><strong>xvm,</strong></span> <span class='ocrx_word' id='word_1_644' title='bbox 1629 5395 1678 5442; x_wconf 85' lang='grc'><strong>3.</strong></span> <span class='ocrx_word' id='word_1_645' title='bbox 1716 5421 1779 5434; x_wconf 86' lang='lat'><strong>--</strong></span> <span class='ocrx_word' id='word_1_646' title='bbox 1885 5398 2036 5463; x_wconf 83' lang='lat' dir='ltr'><em>-(a)</em></span> <span class='ocrx_word' id='word_1_647' title='bbox 2063 5398 2182 5462; x_wconf 62' lang='grc' dir='ltr'><strong>[ις.</strong></span> <span class='ocrx_word' id='word_1_648' title='bbox 2206 5399 2317 5449; x_wconf 80' lang='lat' dir='ltr'><strong>esto</strong></span> <span class='ocrx_word' id='word_1_649' title='bbox 2341 5390 3431 5462; x_wconf 56' lang='lat' dir='ltr'><strong>humum—(b)demisso.—(c)8uppl·te‚</strong></span> 
     </span>
    </p>
   </div>
   <div class='ocr_carea' id='block_1_10' title="bbox 229 5450 1780 5525">
    <p class='ocr_par' dir='ltr' id='par_1_13' title="bbox 229 5450 1780 5525">
     <span class='ocr_line' id='line_1_93' title="bbox 229 5450 1780 5525; baseline 0.017 -35"><span class='ocrx_word' id='word_1_650' title='bbox 229 5453 252 5490; x_wconf 77' lang='grc' dir='ltr'><strong><em>τ</em></strong></span> <span class='ocrx_word' id='word_1_651' title='bbox 279 5452 301 5503; x_wconf 86' lang='lat'>1</span> <span class='ocrx_word' id='word_1_652' title='bbox 331 5451 474 5517; x_wconf 66' lang='lat' dir='ltr'><strong>neq„</strong></span> <span class='ocrx_word' id='word_1_653' title='bbox 502 5461 593 5514; x_wconf 80' lang='lat' dir='ltr'><strong>xv,</strong></span> <span class='ocrx_word' id='word_1_654' title='bbox 618 5452 752 5502; x_wconf 83' lang='lat'><strong>17.-—</strong></span> <span class='ocrx_word' id='word_1_655' title='bbox 779 5450 804 5487; x_wconf 83' lang='lat'>⁸</span> <span class='ocrx_word' id='word_1_656' title='bbox 830 5451 938 5505; x_wconf 88' lang='lat' dir='ltr'><strong>lmo</strong></span> <span class='ocrx_word' id='word_1_657' title='bbox 961 5456 1140 5505; x_wconf 84' lang='lat' dir='ltr'><strong>auctor</strong></span> <span class='ocrx_word' id='word_1_658' title='bbox 1170 5466 1330 5508; x_wconf 68' lang='lat' dir='ltr'><strong>nerm-</strong></span> <span class='ocrx_word' id='word_1_659' title='bbox 1355 5468 1582 5525; x_wconf 72' lang='lat' dir='ltr'><strong>ccxcvii,</strong></span> <span class='ocrx_word' id='word_1_660' title='bbox 1613 5463 1682 5516; x_wconf 82' lang='lat' dir='ltr'><strong>al.</strong></span> <span class='ocrx_word' id='word_1_661' title='bbox 1717 5465 1780 5516; x_wconf 85' lang='lat' dir='ltr'><strong>de</strong></span> 
     </span>
    </p>
   </div>
   <div class='ocr_carea' id='block_1_11' title="bbox 1888 5467 2191 5524">
    <p class='ocr_par' dir='ltr' id='par_1_14' title="bbox 1888 5467 2191 5524">
     <span class='ocr_line' id='line_1_94' title="bbox 1888 5467 2191 5524; baseline 0.01 -3"><span class='ocrx_word' id='word_1_662' title='bbox 1888 5469 1965 5522; x_wconf 72' lang='lat' dir='ltr'><strong>vel</strong></span> <span class='ocrx_word' id='word_1_663' title='bbox 1988 5467 2093 5522; x_wconf 82' lang='lat' dir='ltr'><strong>del.</strong></span> <span class='ocrx_word' id='word_1_664' title='bbox 2120 5472 2191 5524; x_wconf 81' lang='lat' dir='ltr'><strong>et·</strong></span> 
     </span>
    </p>
   </div>
   <div class='ocr_carea' id='block_1_12' title="bbox 3462 820 3676 993">
    <p class='ocr_par' dir='ltr' id='par_1_15' title="bbox 3462 820 3676 993">
     <span class='ocr_line' id='line_1_95' title="bbox 3472 820 3676 867; baseline 0.005 -3"><span class='ocrx_word' id='word_1_665' title='bbox 3472 820 3676 867; x_wconf 63' lang='lat' dir='ltr'><strong>suham·-</strong></span> 
     </span>
     <span class='ocr_line' id='line_1_96' title="bbox 3462 881 3676 930; baseline 0.019 -4"><span class='ocrx_word' id='word_1_666' title='bbox 3462 884 3529 928; x_wconf 73' lang='lat' dir='ltr'><strong>sio</strong></span> <span class='ocrx_word' id='word_1_667' title='bbox 3546 881 3676 930; x_wconf 71' lang='lat' dir='ltr'><strong>mino-</strong></span> 
     </span>
     <span class='ocr_line' id='line_1_97' title="bbox 3465 945 3633 993; baseline -0.018 0"><span class='ocrx_word' id='word_1_668' title='bbox 3465 945 3633 993; x_wconf 73' lang='lat' dir='ltr'><strong>rabilis.</strong></span> 
     </span>
    </p>
   </div>
  </div>
 </body>
</html>
