4059 6317
892 448 1270 518 DOMINICA
1302 446 1410 515 XX
1450 444 1651 514 POST
1693 444 2277 516 PENTECOSTEN.
2320 448 2583 516 SERMO
2628 446 2706 517 11.

199 587 736 655 scimiatuaooe
775 594 984 670 Μαι
1015 603 1148 657 non
1180 594 1402 672 potero
1442 586 1534 654 ad
1574 600 1736 652 eam.

280 694 493 761 Tertio
536 692 732 761 istum
769 695 1111 762 Dominum
1152 697 1573 779 magnificum
1599 712 1741 759 ma-

201 802 467 884 gnificat
522 804 723 888 pietas
769 805 1105 870 indicibilis
1169 805 1616 870 misericordias
1673 802 1743 865 in

199 909 535 992 parcendo.
571 908 749 977 Unde
778 911 1115 976 Psalmista
1148 914 1167 948 ¹
1203 930 1221 974 ι
1261 935 1293 972 α
1317 911 1646 976 Miserator
1680 913 1744 973 et

199 1016 560 1082 misericors
584 1017 911 1097 DominuS,
945 1018 1339 1099 longanimis
1366 1022 1431 1082 et
1466 1016 1741 1081 multum

200 1126 584 1192 misericors.
611 1148 643 1187 n
657 1124 987 1204 Dominus,
1004 1131 1264 1210 propter
1280 1126 1741 1206 benignitatem

199 1234 575 1313 clementias,
588 1239 684 1299 est
698 1236 1037 1301 miserator
1052 1235 1118 1297 in
1134 1233 1446 1317 parcendo
1455 1232 1740 1308 faciliter,

201 1346 266 1408 et
278 1342 421 1408 ideo
439 1360 569 1407 non
593 1342 822 1407 timeas
839 1343 1242 1408 severitatem
1252 1341 1521 1424 Justitiae
1543 1339 1745 1423 profe·

199 1449 400 1513 rentis
416 1450 831 1532 sententiam3
851 1450 1023 1515 unde
1048 1449 1399 1532 Gregorius
1414 1450 1476 1512 ²:
1504 1471 1536 1510 α
1560 1446 1746 1515 Novit

199 1555 510 1623 Dominus
524 1562 772 1622 mutare
786 1558 1187 1638 sententiam,
1207 1558 1260 1620 si
1271 1557 1525 1622 noveris
1538 1572 1750 1620 emen-

201 1664 356 1730 dare
380 1663 642 1745 delicta3
667 1688 700 1726 s
735 1671 800 1731 et
823 1667 1188 1733 misericors
1213 1665 1282 1729 in
1315 1663 1748 1729 obliviscendo

202 1773 497 1855 totaliter,
542 1779 608 1838 et
653 1792 785 1839 non
829 1775 1057 1839 timeas
1101 1774 1601 1838 immensitatem
1645 1791 1750 1836 sa-

201 1880 458 1963 pientiae
501 1881 926 1963 aggravantis
978 1879 1276 1964 culpam;
1329 1879 1748 1962 Lonqanimis

203 1985 274 2051 in
301 1988 691 2071 expectando
715 1991 1049 2072 patienter,
1075 1995 1141 2053 et
1163 1988 1329 2067 idea,
1356 1988 1406 2051 si
1436 1987 1549 2051 diu
1573 1986 1750 2050 fuisti

203 2094 274 2160 in
290 2101 563 2179 peccato,
593 2116 727 2163 non
744 2097 970 2162 timeas
980 2097 1205 2180 judicii
1225 2097 1629 2161 severitatem
1655 2095 1752 2159 in-

204 2203 464 2271 ferentis
490 2222 776 2289 poenam3
807 2205 1084 2272 Multum
1119 2208 1483 2272 misericors
1509 2205 1579 2268 in
1604 2220 1747 2269 sus-

205 2312 499 2394 cipiendo
551 2313 896 2378 clementer
919 2360 936 2391 ,
1003 2318 1067 2378 et
1127 2313 1271 2379 ideo
1326 2330 1457 2377 non
1525 2312 1749 2376 timeas

204 2418 605 2485 altitudinem
648 2420 1013 2502 majestatis».
1051 2418 1228 2484 Unde
1260 2418 1670 2502 Augustinus
1701 2423 1748 2497 ⁸,

206 2544 402 2609 super
429 2526 584 2592 illud
619 2527 643 2563 ⁸
691 2549 706 2592 ε
757 2528 1070 2612 Sui-qam,
1121 2532 1184 2595 et
1228 2526 1331 2594 ibo
1377 2526 1469 2592 od
1509 2533 1754 2609 patrem

206 2650 442 2715 meten,
468 2642 529 2705 et
553 2635 769 2702 dicam
796 2639 858 2704 ei
895 2655 918 2700 .·
959 2636 1175 2714 Pater,
1218 2637 1481 2718 peccavi
1523 2637 1599 2700 in
1632 2650 1752 2700 οω-

93 2836 104 2847 ·
209 2742 365 2823 laem,
395 2751 456 2811 et
483 2758 695 2810 coram
724 2752 805 2822 te,
836 2749 982 2808 etc.:
1009 2744 1515 2826 «Quemcunque
1540 2760 1755 2807 neces-

209 2850 361 2914 sitas
386 2855 579 2932 cogat
620 2851 704 2934 (α)
739 2856 1129 2933 peccatorem
1167 2851 1247 2915 ad
1289 2850 1751 2933 poenitentiam,

208 2975 342 3021 non
369 2958 607 3041 peccati
634 2958 975 3041 quantitas,
1017 2976 1135 3023 nec
1177 2959 1329 3023 vitae
1380 2956 1752 3033 enormitas,

212 3081 331 3128 nec
353 3064 634 3130 hominis
670 3066 1040 3130 extremitas
1067 3065 1353 3130 excludit
1389 3084 1429 3129 a
1460 3064 1670 3142 venia,
1702 3062 1757 3126 si

210 3173 490 3256 perfecta
526 3174 719 3238 fuerit
767 3175 1038 3239 mutatio
1084 3174 1431 3239 voluntatis
1473 3196 1489 3237 ε
1535 3172 1643 3237 md
1687 3171 1757 3236 in

212 3280 639 3364 amplissimos
684 3283 864 3345 sinus
904 3281 1275 3361 charitatis,
1323 3280 1758 3346 misericordia

213 3387 379 3452 filios
405 3407 557 3453 suos
583 3390 843 3471 suscipit
869 3393 1275 3454 revertentes,
1301 3411 1333 3450 n

297 3494 603 3578 Sequitur
665 3519 682 3560 z
760 3497 1148 3579 Priusquam
1202 3498 1520 3563 moriatur
1576 3494 1759 3578 filius

214 3621 389 3672 meus·
415 3623 440 3668 .·
469 3605 583 3669 ubi
613 3607 892 3671 secundo
929 3606 1205 3672 ostendit
1243 3605 1630 3670 necessitatis
1654 3605 1755 3668 in-

216 3710 598 3795 digentiam,
629 3718 694 3779 et
710 3713 1147 3778 necessitatem
1170 3713 1417 3791 mortis,
1447 3731 1638 3795 quam
1662 3711 1762 3776 in-

217 3822 422 3887 currit
464 3820 662 3887 homo
709 3827 970 3907 propter
1013 3823 1139 3887 tria
1183 3844 1201 3885 z
1251 3823 1458 3904 primo
1502 3825 1761 3904 propter

217 3929 608 3995 debilitatem
627 3931 927 4013 potentias
950 3929 1453 4009 succumbentis3
1482 3929 1761 3993 secundo

217 4040 479 4120 propter
544 4037 891 4102 caecitatem
957 4036 1344 4118 ignorantiae
1411 4036 1757 4115 deviantis3

219 4146 406 4209 tertio
444 4149 704 4228 propter
751 4143 1186 4228 poenalitatem
1223 4144 1500 4208 miseriae
1543 4145 1759 4227 oppri-

217 4252 475 4316 mentis.

301 4358 520 4424 Primo
541 4359 811 4427 incurrit
831 4359 1031 4424 homo
1069 4358 1507 4423 necessitatem
1538 4357 1764 4422 mortis

220 4471 480 4552 propter
501 4467 888 4532 debilitatem
911 4466 1210 4551 potentiae
1251 4465 1760 4544 succumbentis;

215 4577 395 4641 unde
412 4576 471 4640 ⁸:
511 4598 544 4637 α
564 4574 803 4659 Rogate
842 4576 1183 4640 Dominum
1219 4568 1761 4653 Deum'vestrum,

221 4693 297 4749 ut
324 4683 570 4748 auferat
596 4683 779 4746 istam
808 4688 1079 4747 mortem
1107 4701 1147 4746 a
1173 4701 1298 4746 me.
1319 4703 1351 4742 ι)
1386 4679 1564 4746 Sicut
1594 4680 1763 4745 Pha-

220 4808 340 4855 rao
402 4807 792 4871 cognoscens
860 4788 1442 4871 experimentaliter
1493 4787 1572 4867 (b)
1634 4804 1767 4851 non

221 4915 409 4982 posse
459 4897 753 4961 resistere
809 4895 1329 4960 tribulationibus
1378 4913 1418 4958 a
1470 4892 1595 4958 Deo
1647 4894 1766 4957 sibi

221 5004 440 5084 illatis,
470 5010 729 5089 propter
755 5003 1117 5086 fragilitatis
1140 5003 1444 5066 humanae
1472 5001 1764 5066 debilita-

221 5117 381 5193 tem,
426 5113 537 5178 sed
578 5111 854 5178 totaliter
901 5108 1338 5190 succumbere,
1379 5109 1652 5175 recurrit
1686 5108 1768 5174 ad

289 5312 308 5347 ¹
354 5310 491 5362 psat.
542 5322 646 5375 cu,
689 5312 738 5359 s.
790 5334 853 5347 -
902 5308 922 5339 ²
964 5308 1201 5373 oregor„
1246 5306 1448 5372 nome„
1491 5306 1584 5357 nh.
1631 5278 1767 5367 xvi,

227 5398 278 5435 c.
305 5394 521 5446 xxxvii,
547 5395 598 5434 n.
630 5384 707 5445 to,
738 5379 909 5446 quoad
940 5392 1169 5430 sensum.
1197 5402 1260 5417 -—
1285 5378 1310 5413 ⁸
1336 5380 1462 5442 Aug.
1493 5404 1547 5415 —-
1583 5379 1604 5414 ⁸
1631 5378 1769 5437 ιω,

227 5466 319 5516 xv,
344 5457 421 5505 18.
439 5480 503 5492 —
529 5454 551 5488 ⁸
573 5454 762 5517 ,Ea-od„
783 5466 840 5517 x,
871 5455 947 5503 Π.
970 5477 1025 5487 -
1054 5451 1074 5482 ⁸
1095 5452 1266 5515 Rern„
1291 5462 1446 5513 super
1468 5452 1652 5501 Missus
1671 5454 1766 5511 est,

3269 456 3383 521 461

1843 584 2320 670 implorandum
2373 585 2759 669 suffragium
2818 585 3023 671 Moysi
3064 589 3130 652 et
3175 588 3393 654 Aaron

1847 712 1962 777 per
2005 695 2383 775 orationem,
2412 714 2494 759 ne
2540 697 2897 760 incurreret
2937 700 3211 761 mortem
3250 716 3391 763 cor·

1845 804 2173 886 poralem3
2204 804 2295 868 ita
2321 805 2588 888 quilibet
2614 803 2956 868 tribulatus
2991 808 3056 869 et
3093 806 3389 888 afflictus,

1848 910 2072 976 videns
2098 929 2167 976 se
2195 910 2782 993 experimentaliter
2804 914 3244 994 succumbere,
3279 934 3396 980 nec

1845 1038 2033 1103 posse
2086 1019 2606 1084 tribulationibus
2645 1020 2957 1101 resistere,
3024 1040 3157 1086 non
3214 1021 3399 1087 debet

1848 1127 2089 1193 intuitu
2114 1128 2476 1210 fragilitatis
2510 1128 2970 1209 remollescere,
3002 1130 3217 1195 necin
3251 1148 3397 1195 sus-

1847 1235 2110 1300 tinendo
2156 1237 2330 1300 vires
2394 1253 2544 1299 suas
2600 1234 2837 1315 metiri,
2901 1240 2965 1301 et
3037 1237 3394 1321 desperare,

1850 1342 1961 1407 sed
2008 1342 2343 1407 humiliter
2391 1360 2507 1425 per
2559 1343 2914 1408 orationem
2969 1348 3034 1408 et
3088 1344 3402 1427 suffragia

1850 1448 2207 1515 amicorum
2236 1468 2305 1513 se
2340 1452 2732 1527 convertere,
2771 1454 2835 1515 et
2868 1452 3226 1534 praesertim
3250 1452 3396 1518 Vir·

1855 1557 2028 1639 ginis
2056 1558 2283 1622 beatae.
2314 1556 2493 1622 Unde
2534 1555 2900 1622 Bernardus
2934 1565 2956 1600 ⁸
2989 1559 3055 1622 in
3082 1558 3348 1624 homilia
3380 1581 3396 1623 t

1861 1688 1893 1725 «ι
1921 1663 2219 1747 Quisquis
2241 1670 2304 1729 te
2330 1664 2637 1748 conspicis
2662 1665 2730 1727 in
2757 1664 2958 1748 hujus
2986 1665 3201 1730 saeculi
3247 1685 3398 1751 pro-

1853 1772 2057 1837 fluvio
2094 1772 2306 1854 magis
2346 1771 2512 1835 inter
2555 1770 2883 1854 procellaS,
2914 1776 2978 1837 et
3019 1773 3402 1839 tentationes

1854 1878 2079 1957 fluere,
2126 1895 2322 1963 quam
2365 1895 2559 1960 super
2599 1882 2834 1943 terram
2875 1880 3228 1961 ambulare,
3268 1899 3403 1946 res-

1854 1986 1994 2071 pice
2026 1986 2299 2066 stellam,
2332 2004 2494 2050 voca
2519 1985 2807 2051 Mariam.
2838 1985 2905 2052 Si
2931 1988 3272 2070 jactamine
3301 2007 3406 2054 sn·

1854 2094 2117 2178 perbiae,
2156 2095 2380 2171 fastus,
2413 2093 2549 2160 sive
2577 2094 2865 2174 avaritia,
2898 2099 3010 2159 aut
3031 2096 3237 2160 carnis
3266 2096 3405 2162 ille-

1857 2201 2049 2266 cebra
2080 2201 2447 2266 naviculam
2475 2202 2712 2267 mentis
2730 2203 3137 2284 concusserit,
3164 2204 3406 2287 respice

1856 2309 2129 2390 stellam,
2160 2328 2321 2374 voca
2354 2310 2645 2375 Mariam.
2680 2308 2749 2374 Si
2791 2310 3131 2375 criminum
3169 2310 3404 2377 imma-

1859 2417 2060 2482 nitate
2084 2418 2385 2498 turbaris,
2409 2417 2512 2482 vel
2532 2417 2932 2483 conscientiae
2957 2418 3235 2483 foeditate
3260 2436 3407 2484 con-

1858 2528 2040 2592 fusus
2079 2528 2337 2592 baratro
2380 2527 2834 2610 desperationis
2878 2526 3141 2610 incipias
3186 2526 3404 2590 absor-

1859 2635 2022 2713 beri,
2050 2634 2296 2717 respice
2322 2635 2404 2700 ad
2443 2634 2751 2699 Mariam:
2781 2634 2934 2718 quia
2973 2634 3110 2717 ipsa
3152 2637 3409 2698 tenente

1861 2762 1994 2808 non
2053 2743 2326 2823 corruis,
2370 2744 2508 2825 ipsa
2556 2745 2929 2826 protegente
2974 2759 3105 2806 non
3149 2741 3403 2821 metuis,

1860 2851 1998 2935 ipsa
2040 2852 2201 2916 duce
2242 2868 2372 2915 non
2412 2850 2744 2932 fatigaris,
2776 2851 2915 2932 ipsa
2940 2848 3215 2932 propitia
3254 2866 3407 2932 per-

1861 2959 2066 3024 venis.
2083 2980 2112 3019 ι

1945 3064 2237 3130 Secundo
2265 3066 2536 3131 incurrit
2556 3064 2752 3131 homo
2773 3065 3213 3130 necessitatem
3243 3082 3410 3129 mor-

1863 3174 1946 3237 tis
1976 3177 2238 3256 propter
2264 3174 2610 3239 case-itatem
2638 3173 3025 3255 ignorantiae
3051 3172 3365 3239 deviantis
3388 3194 3406 3251 ;

1864 3279 2039 3345 unde
2082 3279 2153 3343 in
2192 3279 2449 3346 Psalmo
2468 3280 2529 3344 ⁸¹:
2569 3279 2886 3346 «Omnem
2915 3299 3127 3346 escam
3164 3280 3412 3345 abomi-

1864 3393 2015 3452 nata
2060 3390 2156 3451 est
2197 3389 2416 3453 anima
2457 3406 2706 3469 eorum,
2754 3393 2818 3453 et
2858 3388 3412 3472 appropinquave-

1865 3500 2019 3559 runt
2048 3514 2250 3578 usque
2274 3495 2355 3559 ad
2388 3501 2601 3578 portas
2629 3497 2872 3561 mortis.
2894 3516 2926 3555 n
2959 3494 3138 3560 Sicut
3154 3495 3410 3578 quando

1865 3597 2066 3663 homo
2113 3598 2520 3664 abominatur
2558 3618 2815 3665 omnem
2870 3599 3110 3676 cibum,
3157 3603 3232 3663 ut
3278 3616 3409 3663 non

1864 3705 2076 3770 valeat
2110 3706 2471 3785 comedere,
2515 3705 2595 3770 de
2635 3707 2931 3789 proximo
2972 3705 3268 3771 imminet
3288 3705 3411 3769 sibi

1867 3830 2063 3890 morS,
2093 3812 2217 3876 nisi
2261 3829 2374 3895 per
2416 3811 2774 3876 remedium
2807 3812 3179 3878 medicinale
3221 3812 3406 3895 adju·

1866 3925 2086 3999 vetur3
2118 3919 2210 3983 sic
2235 3919 2453 3983 anima
2483 3919 2737 4002 quando
2764 3919 3163 3985 abominatur
3190 3919 3408 3985 coeles-

1866 4030 1999 4092 tem
2026 4044 2240 4091 escam
2283 4026 2486 4092 divini
2516 4027 2700 4090 verbi
2742 4043 2877 4109 prae
2905 4026 3104 4091 nimia
3139 4027 3410 4093 delecta·

1868 4136 2041 4199 tione
2064 4135 2326 4217 peccati,
2364 4133 2456 4198 ita
2496 4133 2896 4214 absorbetur,
2926 4138 2991 4199 et
3014 4135 3410 4215 obcaecatur,

1870 4247 1944 4308 nt
1967 4246 2275 4326 tanquam
2315 4241 2576 4305 infirma
2602 4242 3067 4325 appropinquet
3104 4260 3309 4326 usque
3335 4243 3415 4308 ad

1870 4354 2087 4434 portas
2131 4350 2357 4414 mortis
2402 4352 2699 4427 aeternae,
2749 4348 2873 4411 nisi
2926 4350 3166 4414 virtute
3211 4349 3417 4414 divini

1870 4459 2053 4523 verbi
2080 4463 2362 4538 sanetur,
2383 4460 2449 4522 et
2465 4440 2798 4522 dulcedine
2816 4457 3159 4537 reficiatur,
3184 4462 3250 4524 et
3275 4460 3332 4541 ej
3344 4477 3418 4522 us

1869 4565 2118 4632 lumine
2157 4565 2510 4647 dirigatur,
2550 4568 2624 4630 ut
2668 4564 2864 4648 possit
2901 4564 3258 4630 discernere
3299 4565 3415 4629 bo·

1872 4693 2033 4739 num
2061 4693 2102 4738 a
2129 4673 2324 4751 ma10,
2353 4673 2523 4737 inter
2548 4676 2787 4737 statum
2816 4670 3022 4755 culpae
3064 4675 3128 4737 et
3161 4673 3413 4753 gratier,

1874 4786 1942 4846 et
1962 4779 2392 4847 differentiam
2420 4780 2647 4844 mortis
2671 4784 2736 4844 et
2760 4779 2936 4844 vitae.

1952 4885 2164 4950 Tertio
2190 4884 2458 4948 incurrit
2483 4883 2681 4949 homo
2705 4884 3141 4949 necessitatem
3168 4883 3414 4963 mortis,

1876 4999 2133 5078 propter
2198 4990 2628 5075 poenalitatem
2709 4991 2984 5055 miseriae
3049 4990 3415 5075 opprimen-

1876 5103 1957 5167 tis
1982 5100 2006 5137 ⁸
2041 5123 2056 5166 z
2112 5100 2389 5165 «Infelix
2430 5117 2559 5181 ego
2616 5100 2849 5178 home,
2915 5098 3061 5183 quis
3125 5099 3419 5166 liberabit

1875 5274 2019 5398 gam-4
2066 5284 2136 5336 ιι,
2161 5285 2218 5323 n.
2262 5274 2338 5322 Π.
2380 5297 2443 5309 -
2478 5270 2503 5306 ¹¹
2536 5268 2675 5321 Psal.
2712 5282 2828 5334 cvr,
2861 5273 2940 5321 ¹8.
2976 5296 3040 5308 -
3076 5272 3097 5303 ⁸
3132 5270 3288 5336 Rom„
3320 5282 3416 5339 vn,

1959 5350 1988 5397 2
2026 5379 2042 5394 .

1940 5448 2008 5507 (a)
2041 5444 2164 5494 Goet.
2197 5441 2319 5492 edit.
2349 5440 2628 5503 contingat.
2656 5464 2718 5478 -—
2748 5440 2816 5505 (ὁ)
2848 5441 3024 5506 Suppl.
3053 5454 3130 5494 se.
