4059 6317
814 432 1197 502 DOMINICA
1233 431 1344 500 Vn
1387 425 1588 499 POST
1629 422 2222 502 PENTECOSTEN.
2265 428 2527 499 SERMO
2568 430 2675 500 IV.

148 571 264 638 bes
287 571 309 609 ¹
342 591 362 637 ι
398 594 433 635 ι
458 570 534 638 In
556 570 736 638 omni
762 572 933 638 bono
948 588 1142 655 opere
1161 570 1631 636 fructificantes.
1653 586 1686 623 υ

149 673 224 739 In
266 679 448 743 omni
486 679 713 763 utique
756 679 925 745 bono
962 696 1178 762 opere,
1205 681 1269 743 et
1293 677 1484 741 etiam
1511 671 1693 738 omni

148 784 444 850 membro
489 786 1006 851 fructificandum
1081 790 1198 850 est.
1263 783 1473 849 Arbor
1521 781 1695 846 enim

152 890 432 956 multum
463 892 741 958 fructum
771 893 1009 958 habere
1047 912 1176 957 non
1217 894 1447 975 potest,
1479 888 1600 953 nisi
1626 888 1696 952 in

151 998 376 1062 multis
398 1000 640 1064 ramis:
666 1000 850 1065 multi
867 1002 1110 1066 fructus
1127 1002 1281 1062 sunt
1304 996 1508 1062 multa
1531 995 1700 1058 bona

149 1122 387 1188 opera3
427 1108 610 1173 multi
636 1126 793 1174 vero
819 1109 982 1173 rami
1009 1111 1160 1172 sunt
1186 1105 1391 1171 multa
1420 1102 1700 1186 corporis

152 1213 468 1280 membra.
523 1215 702 1281 Certe
755 1216 958 1282 Maria
1016 1213 1394 1296 Magdalena
1460 1210 1697 1276 multos

150 1321 400 1386 tructus
417 1322 485 1388 in
503 1323 722 1389 multis
739 1323 935 1389 ramis
954 1322 1200 1401 habuit,
1222 1319 1477 1405 quando
1498 1317 1703 1383 multa

151 1446 353 1512 opera
383 1429 552 1495 bona
575 1432 646 1494 in
670 1431 891 1496 multis
916 1430 1226 1495 membris
1249 1427 1564 1493 exhibuit.
1588 1425 1702 1490 Pe-

153 1535 347 1602 dibus
385 1538 560 1603 enim
594 1540 854 1606 accessit
889 1540 933 1616 ⁹,
961 1537 1163 1604 oculis
1187 1537 1388 1614 flevit,
1418 1533 1703 1599 crinibus

153 1646 362 1724 tersit,
389 1663 502 1711 ore
527 1646 818 1712 osculum
838 1645 1032 1725 dedit,
1056 1664 1255 1710 manu
1273 1642 1484 1723 unxit,
1515 1639 1704 1706 corde

153 1751 404 1818 dilexit.
443 1753 851 1836 Augustinus
889 1754 913 1789 ¹
954 1775 971 1819 ε
1022 1777 1053 1816 α
1088 1751 1414 1836 hacrymis
1449 1750 1698 1830 irrigat,

151 1859 354 1941 tergit
383 1860 697 1940 crinibus,
728 1861 920 1943 ungit
950 1863 1312 1941 unguento.
1341 1880 1374 1918 1>
1404 1854 1569 1935 Quid
1591 1855 1706 1919 mi·

152 1968 370 2031 raris?
396 1968 420 2002 ’
452 1992 484 2031 α
509 1966 707 2034 Terra
732 1968 904 2036 dedit
925 1969 1204 2034 fructum
1226 1984 1445 2033 suum.
1472 1988 1504 2026 n
1540 1963 1705 2029 Fru-

156 2078 304 2139 ctus
329 2078 543 2140 autem
567 2093 699 2140 non
724 2073 1202 2159 multiplicatur,
1232 2074 1356 2138 nisi
1382 2077 1552 2139 terra
1572 2089 1705 2136 cor-

153 2182 279 2260 dis,
332 2181 437 2247 vel
489 2182 871 2264 voluntatis,
918 2183 1111 2247 fuerit
1163 2182 1346 2247 valde
1403 2181 1572 2245 bona
1613 2180 1636 2216 ⁸
1683 2199 1701 2243 z

167 2313 200 2351 α
229 2290 424 2356 Aliud
453 2310 608 2357 vero
634 2291 859 2357 cecidit
882 2292 950 2355 in
977 2296 1214 2356 terram
1241 2290 1502 2354 bonam.
1529 2309 1561 2347 n

240 2399 329 2465 De
366 2402 552 2466 tertio
587 2401 832 2466 dicebat
857 2400 1050 2465 arbor
1073 2400 1178 2463 flci
1204 2398 1228 2433 ⁸
1262 2420 1278 2463 z
1318 2420 1351 2458 α
1381 2393 1706 2478 Numquid

156 2529 426 2596 possum
453 2493 851 2575 dulcedinem
874 2526 1082 2573 meam
1107 2508 1417 2584 deserere,
1438 2506 1709 2569 fructus-

152 2639 288 2704 que
318 2617 728 2684 suavissimos
744 2664 762 2695 ,
804 2619 878 2682 ut
902 2615 1069 2681 inter
1094 2619 1324 2679 caetera
1348 2612 1533 2694 ligna
1558 2628 1706 2695 pro-

155 2726 466 2794 movear?
489 2747 520 2785 1)
566 2723 661 2788 Ita
702 2722 1049 2806 spiritualis
1085 2721 1280 2786 homo
1316 2719 1531 2786 dulces
1568 2722 1707 2785 fru-

154 2840 301 2904 etus
339 2834 528 2898 bonae
576 2831 729 2896 vitae
772 2847 905 2894 non
953 2829 1223 2894 libenter
1276 2828 1508 2893 deserit
1543 2827 1710 2893 inter

153 2942 346 3024 ligna
371 2940 728 3024 sylvarum,
761 2938 825 3002 id
852 2941 969 3018 est,
999 2938 1166 3002 inter
1191 2936 1394 3001 malos
1421 2939 1485 3000 et
1507 2935 1708 3000 infru·

154 3054 437 3128 ctucsoe,
483 3047 642 3132 quin
677 3046 748 3110 in
784 3045 1082 3128 operibus
1109 3046 1562 3128 promoveatur
1587 3043 1707 3107 bo-

156 3159 286 3223 nis.
330 3156 693 3223 Bemardus
736 3154 759 3189 ⁷
803 3176 820 3218 ε
873 3177 904 3214 «
945 3153 1206 3219 Gustato
1245 3152 1498 3235 spiritu,
1542 3151 1712 3216 desi-

155 3266 258 3350 pit
294 3266 380 3347 (a)
432 3262 643 3329 omnis
683 3279 834 3328 caro
860 3282 876 3326 ι
906 3259 1226 3326 affectanti
1258 3259 1559 3338 coelestia,
1594 3262 1715 3324 ter-

153 3391 319 3439 rena
344 3390 478 3437 non
502 3371 759 3454 sapiunt
789 3387 806 3433 ε
836 3368 1094 3434 aeternis
1125 3367 1421 3447 inhianti,
1460 3365 1714 3432 fastidio

156 3484 315 3546 sunt
373 3477 760 3544 transitoria.
817 3498 849 3537 n
904 3474 1441 3540 Considerandum
1495 3478 1712 3539 autem

157 3591 285 3669 est,
305 3588 478 3672 quod
503 3587 752 3651 fructus
778 3581 1223 3649 delectabilitas
1249 3586 1451 3646 estex
1476 3582 1709 3658 colore,

157 3714 248 3760 ex
273 3696 490 3772 odore,
523 3712 606 3758 ex
627 3710 872 3776 sapore.
907 3688 1032 3756 Sed
1056 3691 1122 3754 et
1148 3690 1390 3754 fructus
1416 3689 1604 3754 bonae
1623 3688 1715 3754 vi·

157 3807 252 3868 tae
275 3801 734 3867 delectabilitas
769 3803 869 3865 est
904 3817 984 3864 ex
1023 3798 1233 3863 colore
1259 3796 1546 3880 pulchras
1572 3814 1716 3862 eon·

158 3909 552 3979 versationis
587 3908 611 3944 ⁸
656 3931 672 3973 ε
716 3931 750 3972 α
782 3907 976 3986 Quasi
1010 3925 1160 3972 rosa
1198 3907 1479 3991 plantata
1521 3925 1714 3989 super

158 4020 346 4085 rivos
365 4034 681 4101 aquarum
706 4015 1078 4081 fructificate
1094 4013 1167 4097 (b)
1193 4036 1208 4077 :
1237 4035 1269 4076 n
1289 4029 1629 4096 aquarum,
1649 4012 1715 4078 id

159 4131 284 4205 est,
300 4126 759 4208 lacrymarum,
776 4122 879 4187 vel
888 4120 1555 4187 adversitatum.Rosae
1565 4125 1715 4186 sunt

162 4238 510 4316 martyres,
539 4248 816 4314 quorum
839 4225 1374 4311 pulchritudinem
1399 4228 1469 4293 in
1495 4246 1714 4293 amore

160 4346 227 4406 et
254 4340 589 4406 sanctitate
606 4337 846 4402 imitari
873 4336 1201 4402 debemuS.
1231 4335 1389 4401 Item
1411 4353 1496 4401 ex
1520 4336 1715 4401 odore

161 4450 362 4515 bonae
391 4445 710 4529 opinionis
736 4443 760 4480 ⁹
791 4465 807 4507 ι
846 4467 878 4505 α
902 4441 1121 4508 Flores
1148 4442 1277 4508 mei
1310 4442 1408 4526 (c),
1437 4463 1468 4502 t
1502 4441 1568 4508 id
1592 4446 1710 4522 est,

162 4556 473 4633 virmtes,
506 4575 539 4615 α
564 4552 813 4617 fructus
830 4550 1045 4616 odoris
1071 4555 1134 4615 et
1157 4549 1510 4615 honestatis
1536 4571 1566 4609 »
1600 4565 1715 4632 per

164 4662 495 4728 effectum.
532 4658 692 4724 Item
721 4676 807 4723 ex
832 4675 1059 4740 sapore
1084 4656 1408 4722 mellifluae
1429 4657 1717 4721 devotio-

162 4771 269 4834 nis
299 4768 350 4806 ¹⁰
382 4791 400 4833 ι
429 4790 461 4828 α
487 4766 708 4832 Brevis
732 4765 803 4830 in
830 4763 1194 4830 volatilibus
1218 4764 1379 4847 apis,
1395 4786 1427 4825 n
1461 4768 1582 4830 etc.
1611 4763 1711 4830 Si-

164 4880 277 4943 cut
300 4875 447 4959 apis
472 4872 714 4954 colligit
742 4872 1022 4937 fructum
1043 4870 1124 4936 de
1146 4871 1415 4938 floribus
1441 4873 1716 4939 diversa-

231 5078 250 5114 ¹
280 5074 499 5136 Colore„
523 5086 568 5138 1,
600 5077 678 5125 1ο.
703 5098 766 5109 -
799 5073 823 5109 ¹
854 5073 988 5133 Luc„
1023 5083 1124 5132 vu,
1153 5074 1233 5123 38.
1266 5098 1330 5109 -
1363 5072 1387 5107 ⁸
1413 5075 1624 5137 August.
1650 5100 1715 5113 —

168 5152 186 5183 ⁸
212 5148 361 5202 Psal.
390 5159 536 5211 uvi,
573 5149 619 5197 7.
656 5172 720 5184 -
745 5146 766 5182 ⁸
797 5145 978 5209 Marc„
1007 5155 1080 5207 iv,
1106 5147 1155 5195 8.
1182 5170 1243 5182 —
1267 5146 1289 5180 ⁸
1312 5144 1498 5204 Judia,
1529 5158 1604 5210 ιτ,
1638 5151 1713 5197 11.

168 5248 230 5260 —-
275 5221 290 5256 ¹
327 5219 506 5282 Rern„
535 5219 813 5282 lnqoranno
833 5222 882 5266 et
915 5216 1059 5265 Ivetoe
1090 5215 1220 5274 Hel..
1252 5215 1384 5267 inter
1420 5216 1567 5281 epist.
1609 5229 1714 5282 cxx,

169 5297 218 5346 3.
252 5319 311 5330 -
361 5291 385 5327 ⁸
427 5288 610 5353 Βαὰλ,
651 5301 838 5351 xxxix,
887 5291 964 5339 Π.
992 5313 1055 5326 —
1099 5290 1120 5318 ⁰
1163 5287 1339 5351 Bccli„
1373 5299 1514 5352 xxiv,
1544 5293 1625 5340 23.
1652 5318 1716 5329 —

172 5368 211 5399 ¹⁰
244 5365 398 5428 ibid„
428 5376 505 5428 ιι,
535 5365 585 5413 3.
615 5388 669 5399 -
707 5362 744 5397 ⁵¹
770 5363 937 5425 Joan„
965 5371 1054 5423 xv,
1083 5363 1160 5412 16.
1189 5386 1251 5399 -
1278 5362 1326 5396 ¹²
1346 5361 1485 5412 Psal.
1515 5374 1714 5426 mxxvii,

170 5439 253 5491 48.
292 5463 357 5476 -
403 5435 447 5472 ¹⁸
485 5434 750 5499 Chrysost.
786 5459 849 5471 -
895 5433 938 5468 ί·
979 5433 1126 5484 Hunc
1158 5431 1318 5485 babet
1347 5445 1552 5498 quoque
1591 5433 1714 5484 edit.

3224 436 3337 504 371

1799 581 1948 628 rum
1996 566 2324 647 arborum,
2367 566 2459 633 sic
2505 570 2569 632 et
2611 583 2730 634 nos
2772 566 3223 640 considerando
3279 575 3348 638 et

1800 671 2108 738 imitando
2173 676 2441 740 virtutes
2493 675 2895 741 diversorum
2948 682 3343 744 sanctorum.

1802 776 1924 842 Sed
1941 780 2201 862 quidam
2217 800 2349 846 non
2368 787 2666 866 quaerunt
2680 783 2892 865 flores,
2916 784 3030 849 sed
3045 787 3347 866 stercora,

1802 886 1906 950 hic
1963 886 2051 969 (d)
2105 889 2441 954 hominum
2495 891 2901 956 infirmorum
2955 891 3037 958 ad
3087 894 3350 959 trahen-

1802 991 1958 1058 dum
1991 996 2086 1077 (c).

1884 1100 1970 1166 De
1988 1106 2219 1184 quarto
2240 1105 2283 1140 ¹¹
2316 1126 2331 1168 ε
2361 1128 2390 1166 α
2417 1104 2605 1172 Posui
2633 1124 2774 1187 vos,
2793 1127 2824 1166 t
2858 1110 2979 1188 etc,
3008 1126 3213 1191 usque
3238 1130 3271 1170 α
3287 1113 3351 1175 et

1802 1205 2049 1274 fructus
2074 1215 2285 1277 vester
2310 1217 2586 1278 maneat.
2606 1236 2638 1274 n
2664 1213 2918 1281 Manere
2944 1219 3040 1280 est
3063 1215 3352 1282 durabile

1805 1332 1964 1395 esse,
2005 1323 2079 1382 ut
2122 1336 2256 1383 non
2295 1321 2418 1385 cito
2452 1325 2774 1405 putrescat
2812 1342 2930 1407 per
2963 1323 3216 1404 vitium,
3247 1324 3354 1390 vel

1804 1430 2054 1506 pereat,
2092 1427 2257 1492 sicut
2300 1429 2544 1494 fructus
2581 1428 2878 1515 AEgypti3
2912 1431 3206 1499 Psalmus
3242 1434 3288 1475 ¹²
3329 1455 3348 1498 ε

1815 1554 1845 1593 α
1888 1531 2070 1598 Dedit
2103 1536 2388 1617 aerugini
2425 1538 2671 1604 fructus
2711 1557 2961 1618 eorum,
3002 1544 3066 1605 et
3108 1540 3356 1606 labores

1808 1656 2037 1705 eorum
2057 1639 2346 1707 locustis:
2371 1647 2435 1708 et
2447 1645 2674 1710 occidit
2699 1645 2768 1710 in
2797 1647 3114 1727 grandine
3132 1648 3355 1712 vineas

1809 1764 2058 1811 eorum.
2084 1770 2115 1808 n
2151 1748 2222 1813 ln
2249 1753 2547 1834 aerugine
2570 1752 2853 1833 luxuria,
2879 1756 2948 1820 in
2971 1755 3217 1822 locusta
3240 1776 3352 1824 su-

1807 1854 2047 1937 perbia,
2089 1856 2160 1919 in
2203 1858 2517 1938 grandine
2551 1863 2822 1928 avaritia
2848 1863 3251 1946 intelligitur.
3285 1864 3355 1930 Si

1808 1979 1967 2044 ergo
1993 1963 2092 2027 vis
2120 1963 2397 2029 fructum
2426 1970 2611 2032 tuum
2644 1987 2926 2049 manere,
2948 1970 3140 2036 debes
3156 1970 3357 2055 AEgy-

1808 2073 2014 2152 ptum,
2038 2070 2101 2135 id
2119 2075 2236 2151 est,
2257 2073 2577 2139 mundum
2596 2076 2845 2159 fugere.
2865 2077 3142 2145 Joannes
3154 2079 3354 2165 Chry·

1809 2181 2128 2243 sostomus
2144 2179 2189 2216 ¹⁸
2206 2200 2221 2242 ε
2240 2202 2271 2240 α
2295 2178 2473 2247 Sicut
2487 2182 2738 2248 difficile
2756 2185 3357 2271 estarboremjuxta
3435 2213 3595 2256 axom-

1811 2283 1983 2348 viam
2012 2287 2306 2367 positam,
2344 2288 2627 2354 fructum
2655 2309 2846 2356 suum
2874 2312 3082 2377 usque
3105 2296 3181 2361 ad
3209 2314 3355 2362 ma·
3381 2274 3521 2331 ΡΜ·

1811 2393 2137 2457 turitatem
2192 2413 2488 2475 servare;
2541 2397 2632 2462 sic
2683 2398 2936 2465 difficile
2989 2406 3085 2466 est
3140 2404 3355 2471 virum

1813 2499 2065 2564 fidelem
2084 2503 2274 2583 juxta
2302 2504 2614 2570 mundum
2638 2507 2985 2590 viventem,
3014 2511 3083 2575 in
3109 2515 3360 2579 actibus

1813 2608 1946 2671 suis
1965 2609 2279 2689 justitiam
2313 2612 2789 2680 immaculatam
2817 2634 3024 2701 usque
3053 2619 3135 2684 ad
3161 2620 3359 2685 finem

1813 2719 2051 2782 tenere.
2082 2740 2113 2777 n

2262 2889 2550 2961 sunno
2595 2893 2691 2964 lv
2724 2894 2811 2988 (s)
2845 2906 2912 2965 ιι.

1902 3043 2035 3123 Qui
2069 3043 2233 3122 Tacit
2272 3046 2666 3115 voluntatem
2701 3047 2920 3117 Patris
2960 3051 3091 3117 mei
3129 3052 3248 3133 qui
3284 3054 3365 3119 in

1819 3149 1994 3218 coelis
2021 3156 2138 3232 eat,
2155 3153 2291 3234 ipae
2316 3154 2589 3222 intrabit
2611 3156 2687 3222 in
2703 3170 2967 3240 reanum
2982 3156 3373 3225 coelorum¹⁸..

1821 3258 2359 3327 Considerandum
2408 3265 2626 3327 autem
2676 3268 2801 3345 est,
2847 3265 3020 3347 quod
3068 3265 3365 3333 facientes

1820 3364 2023 3431 Patris
2065 3367 2481 3450 voluntatem,
2527 3388 2566 3434 a
2604 3368 2791 3436 Patre
2836 3374 3312 3439 exaudiuntur
3294 3393 3363 3440 m

1820 3477 2213 3554 necessitate,
2253 3475 2413 3541 Filio
2449 3478 2942 3560 conjunguntur
2974 3480 3046 3545 in
3088 3481 3360 3548 familia-

1820 3582 2004 3647 ritate
2021 3631 2040 3661 ,
2085 3601 2127 3647 a
2160 3582 2403 3666 Spiritu
2444 3588 2663 3650 sancto
2700 3585 3103 3652 deducuntur
3140 3589 3211 3652 in
3247 3590 3364 3654 bo-

1821 3689 2054 3769 nitate,
2093 3709 2135 3755 a
2170 3689 2476 3756 Trinitate
2515 3691 2942 3759 admittuntur
2983 3694 3359 3762 immortali-

1821 3802 1972 3864 tate.

1902 3906 1990 3970 De
2029 3906 2240 3988 primo
2270 3906 2314 3948 ¹⁸
2349 3927 2367 3970 ι
2407 3929 2438 3968 α
2466 3905 2537 3970 Si
2572 3908 2718 3990 quis
2760 3908 2872 3974 Dei
2912 3910 3120 3977 cultor
3142 3916 3270 3990 est,
3300 3917 3368 3977 et

1822 4014 2216 4080 voluntatem
2241 4016 2383 4095 ejus
2411 4013 2577 4094 facit,
2623 4014 2801 4080 hunc
2829 4018 3107 4083 exaudit.
3143 4039 3174 4078 t
3210 4018 3367 4084 Ecce

1821 4120 2080 4203 quando
2105 4120 2182 4203 (9)
2211 4139 2421 4186 caecus
2442 4119 2847 4188 illuminatus
2864 4124 3066 4190 credit
3089 4124 3306 4191 Jesum
3326 4146 3368 4191 a

1822 4229 1950 4295 Deo
1978 4228 2167 4294 Patre
2203 4248 2319 4313 pro
2355 4248 2472 4294 sua
2512 4229 2979 4296 illuminatione
3021 4233 3311 4298 exaudiri
3342 4252 3361 4314 ;

1823 4338 1913 4403 sic
1938 4356 2058 4402 nos
2081 4356 2196 4421 pro
2220 4337 2688 4403 illuminatione
2714 4339 3083 4405 animarum
3108 4344 3363 4406 nostra-

1822 4462 1971 4509 rum
1998 4445 2405 4523 exaudimur,
2444 4445 2497 4509 si
2538 4445 2650 4510 Dei
2676 4446 3071 4511 voluntatem
3098 4447 3366 4513 facimus

1822 4552 1891 4617 in
1917 4552 2043 4617 fide
2077 4568 2094 4615 t
2136 4553 2269 4617 imo
2307 4560 2372 4618 et
2414 4553 2483 4617 in
2535 4553 2677 4618 aliis
2725 4554 3201 4620 necessitatibus
3245 4572 3365 4620 nos

1821 4660 2107 4726 exaudit.
2124 4661 2210 4723 ¹⁷«
2227 4660 2341 4725 Det
2367 4659 2451 4742 (h)
2484 4660 2669 4725 vobis
2688 4662 2986 4726 omnibus
3006 4678 3117 4727 cor
3133 4679 3363 4743 unum,

1822 4773 1899 4834 ut
1921 4768 2144 4834 colatis
2162 4787 2338 4846 eum,
2361 4772 2425 4833 et
2445 4768 2691 4833 faciatis
2712 4771 2853 4851 eJus
2878 4769 3294 4837 voluntatem.
3325 4792 3358 4832 ι

1826 4875 2128 4960 Sequitur
2157 4898 2174 4940 z
2200 4899 2246 4938 a
2291 4874 2371 4941 Et
2402 4875 2588 4940 faciat
2626 4893 2873 4953 pacem,
2901 4897 2933 4935 n
2968 4876 3178 4959 quoad
3215 4894 3362 4959 pec·

1828 4992 1984 5045 Paris.
2015 5007 2101 5044 an.
2136 4996 2273 5044 1522.
2302 5019 2365 5030 -
2391 4993 2433 5029 ¹⁸
2463 4992 2667 5051 Mutila..
2693 5004 2791 5056 vn,
2829 4996 2909 5043 21.
2939 5019 3000 5032 —-
3029 4996 3071 5029 ¹⁸
3096 4995 3258 5059 Joan„
3287 5007 3366 5058 ιι,

1823 5069 1902 5117 31.
1932 5091 1995 5103 -
2021 5067 2061 5101 ¹²
2091 5066 2127 5114 ll
2161 5063 2345 5127 nacla,
2380 5075 2415 5127 1,
2447 5066 2496 5127 3,
2526 5067 2570 5114 4.

1889 5146 1960 5209 (α)
1988 5145 2112 5196 Goet.
2150 5144 2274 5194 edit.
2313 5143 2517 5207 decipit.
2552 5170 2605 5180 -
2639 5143 2708 5208 (b)
2748 5144 2872 5195 Coet.
2904 5146 3022 5197 edit.
3054 5159 3188 5197 rosoe
3221 5147 3365 5211 plan-

1827 5223 2002 5269 tatae...
2027 5215 2360 5268 fmctiflcatae.
2380 5241 2443 5254 —
2466 5216 2532 5279 (c)
2558 5217 2680 5265 Item
2699 5219 2998 5281 martyrum.
3026 5244 3081 5255 —
3109 5219 3192 5283 (d)
3214 5220 3368 5270 Forte

1827 5291 1924 5354 leq.
1953 5288 2055 5340 hoe
2081 5292 2176 5339 est.
2208 5313 2262 5324 --
2297 5291 2361 5350 (e)
2391 5288 2513 5338 Item
2549 5286 2938 5340 detrahendum.
2967 5313 3030 5329 -
3056 5291 3121 5352 (s)
3153 5292 3211 5341 In
3250 5296 3363 5342 ωε.

1825 5361 1947 5411 edit.
1973 5358 2185 5410 habetur
2211 5358 2465 5410 Dominio.
2495 5369 2610 5421 viu,
2630 5367 2785 5410 serm.
2812 5371 2891 5411 111.
2911 5384 2972 5400 -
2996 5361 3072 5426 (9)
3091 5362 3206 5424 129.
3233 5377 3363 5430 quo·

1825 5432 2001 5485 modo.
2030 5457 2091 5472 —
2120 5431 2192 5495 (Ιι)
2221 5433 2344 5482 coet.
2377 5430 2499 5482 edii.
2530 5431 2644 5482 Dat.
