<?xml version="1.0" encoding="UTF-8"?>
<!DOCTYPE html PUBLIC "-//W3C//DTD XHTML 1.0 Transitional//EN"
    "http://www.w3.org/TR/xhtml1/DTD/xhtml1-transitional.dtd">
<html xmlns="http://www.w3.org/1999/xhtml" xml:lang="en" lang="en">
 <head>
  <title>
</title>
<meta http-equiv="Content-Type" content="text/html;charset=utf-8" />
  <meta name='ocr-system' content='tesseract 3.04.00' />
  <meta name='ocr-capabilities' content='ocr_page ocr_carea ocr_par ocr_line ocrx_word'/>
</head>
<body>
  <div class='ocr_page' id='page_1' title='image "./srecardinalissb02peltgoog_0336.png"; bbox 0 0 4059 6317; ppageno 0'>
   <div class='ocr_carea' id='block_1_1' title="bbox 625 493 747 574">
    <p class='ocr_par' dir='ltr' id='par_1_1' title="bbox 625 493 747 574">
     <span class='ocr_line' id='line_1_1' title="bbox 625 493 747 574; baseline 0 0"><span class='ocrx_word' id='word_1_1' title='bbox 625 493 747 574; x_wconf 62' lang='lat'><strong>298</strong></span> 
     </span>
    </p>
   </div>
   <div class='ocr_carea' id='block_1_2' title="bbox 627 627 2188 5420">
    <p class='ocr_par' dir='ltr' id='par_1_2' title="bbox 627 627 2175 2121">
     <span class='ocr_line' id='line_1_2' title="bbox 628 627 2164 714; baseline 0.002 -21"><span class='ocrx_word' id='word_1_2' title='bbox 628 627 902 710; x_wconf 88' lang='lat' dir='ltr'><strong>perabit.</strong></span> <span class='ocrx_word' id='word_1_3' title='bbox 928 652 959 690; x_wconf 72' lang='lat' dir='ltr'>n</span> <span class='ocrx_word' id='word_1_4' title='bbox 992 627 1290 696; x_wconf 86' lang='lat' dir='ltr'><strong>Diabolus</strong></span> <span class='ocrx_word' id='word_1_5' title='bbox 1314 628 1624 714; x_wconf 80' lang='lat' dir='ltr'><strong>insipiens</strong></span> <span class='ocrx_word' id='word_1_6' title='bbox 1651 631 1854 695; x_wconf 87' lang='lat' dir='ltr'><strong>estad</strong></span> <span class='ocrx_word' id='word_1_7' title='bbox 1876 630 2119 696; x_wconf 91' lang='lat' dir='ltr'><strong>bonum</strong></span> <span class='ocrx_word' id='word_1_8' title='bbox 2143 678 2164 710; x_wconf 90' lang='lat'><strong>,</strong></span> 
     </span>
     <span class='ocr_line' id='line_1_3' title="bbox 628 737 2165 822; baseline 0.003 -21"><span class='ocrx_word' id='word_1_9' title='bbox 628 738 695 802; x_wconf 86' lang='lat' dir='ltr'><strong>et</strong></span> <span class='ocrx_word' id='word_1_10' title='bbox 739 737 1195 820; x_wconf 81' lang='lat' dir='ltr'><strong>sagacissimus</strong></span> <span class='ocrx_word' id='word_1_11' title='bbox 1236 738 1318 805; x_wconf 90' lang='lat' dir='ltr'><strong>ad</strong></span> <span class='ocrx_word' id='word_1_12' title='bbox 1346 737 1614 804; x_wconf 86' lang='lat' dir='ltr'><strong>malum.</strong></span> <span class='ocrx_word' id='word_1_13' title='bbox 1645 738 1783 820; x_wconf 67' lang='lat' dir='ltr'><strong>{Iste</strong></span> <span class='ocrx_word' id='word_1_14' title='bbox 1822 737 2165 822; x_wconf 86' lang='lat' dir='ltr'><strong>insipiens,</strong></span> 
     </span>
     <span class='ocr_line' id='line_1_4' title="bbox 630 844 2169 931; baseline 0.001 -20"><span class='ocrx_word' id='word_1_15' title='bbox 630 844 941 929; x_wconf 87' lang='lat' dir='ltr'><strong>quidquid</strong></span> <span class='ocrx_word' id='word_1_16' title='bbox 966 845 1084 911; x_wconf 90' lang='lat' dir='ltr'><strong>tibi</strong></span> <span class='ocrx_word' id='word_1_17' title='bbox 1109 847 1240 926; x_wconf 86' lang='lat' dir='ltr'><strong>dat,</strong></span> <span class='ocrx_word' id='word_1_18' title='bbox 1272 865 1388 931; x_wconf 89' lang='lat' dir='ltr'><strong>per</strong></span> <span class='ocrx_word' id='word_1_19' title='bbox 1410 848 1730 930; x_wconf 80' lang='lat' dir='ltr'><strong>rapinam,</strong></span> <span class='ocrx_word' id='word_1_20' title='bbox 1759 865 1875 931; x_wconf 92' lang='lat' dir='ltr'><strong>per</strong></span> <span class='ocrx_word' id='word_1_21' title='bbox 1897 865 2169 913; x_wconf 89' lang='lat' dir='ltr'><strong>usuram</strong></span> 
     </span>
     <span class='ocr_line' id='line_1_5' title="bbox 629 955 2167 1040; baseline -0.001 -20"><span class='ocrx_word' id='word_1_22' title='bbox 629 956 693 1020; x_wconf 90' lang='lat' dir='ltr'><strong>et</strong></span> <span class='ocrx_word' id='word_1_23' title='bbox 745 972 1225 1040; x_wconf 84' lang='lat' dir='ltr'><strong>quamcumque</strong></span> <span class='ocrx_word' id='word_1_24' title='bbox 1282 955 1592 1039; x_wconf 84' lang='lat' dir='ltr'><strong>injustam</strong></span> <span class='ocrx_word' id='word_1_25' title='bbox 1643 955 2126 1039; x_wconf 77' lang='lat' dir='ltr'><strong>acquisitionem</strong></span> <span class='ocrx_word' id='word_1_26' title='bbox 2148 1003 2167 1033; x_wconf 86' lang='lat'><strong>,</strong></span> 
     </span>
     <span class='ocr_line' id='line_1_6' title="bbox 627 1062 2174 1149; baseline 0 -21"><span class='ocrx_word' id='word_1_27' title='bbox 627 1063 771 1129; x_wconf 90' lang='lat' dir='ltr'><strong>ideo</strong></span> <span class='ocrx_word' id='word_1_28' title='bbox 798 1063 916 1129; x_wconf 87' lang='lat' dir='ltr'><strong>tihi</strong></span> <span class='ocrx_word' id='word_1_29' title='bbox 943 1064 1090 1146; x_wconf 90' lang='lat' dir='ltr'><strong>dat,</strong></span> <span class='ocrx_word' id='word_1_30' title='bbox 1117 1068 1190 1130; x_wconf 89' lang='lat' dir='ltr'><strong>ut</strong></span> <span class='ocrx_word' id='word_1_31' title='bbox 1217 1065 1430 1149; x_wconf 89' lang='lat' dir='ltr'><strong>ipsum</strong></span> <span class='ocrx_word' id='word_1_32' title='bbox 1457 1064 1683 1130; x_wconf 87' lang='lat' dir='ltr'><strong>adores</strong></span> <span class='ocrx_word' id='word_1_33' title='bbox 1706 1069 1727 1104; x_wconf 88' lang='lat'><strong>¹</strong></span> <span class='ocrx_word' id='word_1_34' title='bbox 1758 1086 1832 1128; x_wconf 76' lang='lat' dir='ltr'><strong>z«</strong></span> <span class='ocrx_word' id='word_1_35' title='bbox 1857 1062 2008 1129; x_wconf 83' lang='lat' dir='ltr'><strong>Haec</strong></span> <span class='ocrx_word' id='word_1_36' title='bbox 2037 1080 2174 1128; x_wconf 91' lang='lat' dir='ltr'><strong>om·</strong></span> 
     </span>
     <span class='ocr_line' id='line_1_7' title="bbox 628 1171 2163 1253; baseline -0.003 -16"><span class='ocrx_word' id='word_1_37' title='bbox 628 1171 740 1237; x_wconf 88' lang='lat' dir='ltr'><strong>nia</strong></span> <span class='ocrx_word' id='word_1_38' title='bbox 779 1171 895 1236; x_wconf 88' lang='lat' dir='ltr'><strong>tibi</strong></span> <span class='ocrx_word' id='word_1_39' title='bbox 942 1172 1139 1253; x_wconf 88' lang='lat' dir='ltr'><strong>dabo,</strong></span> <span class='ocrx_word' id='word_1_40' title='bbox 1194 1173 1249 1237; x_wconf 91' lang='lat' dir='ltr'><strong>si</strong></span> <span class='ocrx_word' id='word_1_41' title='bbox 1285 1172 1518 1238; x_wconf 88' lang='lat' dir='ltr'><strong>cadens</strong></span> <span class='ocrx_word' id='word_1_42' title='bbox 1569 1171 1935 1237; x_wconf 82' lang='lat' dir='ltr'><strong>adoraveris</strong></span> <span class='ocrx_word' id='word_1_43' title='bbox 1979 1189 2106 1236; x_wconf 92' lang='lat' dir='ltr'><strong>me.</strong></span> <span class='ocrx_word' id='word_1_44' title='bbox 2131 1192 2163 1231; x_wconf 72' lang='lat' dir='ltr'>n</span> 
     </span>
     <span class='ocr_line' id='line_1_8' title="bbox 634 1277 2172 1364; baseline -0.001 -23"><span class='ocrx_word' id='word_1_45' title='bbox 634 1278 843 1364; x_wconf 85' lang='lat' dir='ltr'><strong>Hujus</strong></span> <span class='ocrx_word' id='word_1_46' title='bbox 856 1279 1041 1346; x_wconf 88' lang='lat' dir='ltr'><strong>datus</strong></span> <span class='ocrx_word' id='word_1_47' title='bbox 1059 1298 1187 1346; x_wconf 90' lang='lat' dir='ltr'><strong>non</strong></span> <span class='ocrx_word' id='word_1_48' title='bbox 1214 1279 1335 1346; x_wconf 89' lang='lat' dir='ltr'><strong>erit</strong></span> <span class='ocrx_word' id='word_1_49' title='bbox 1357 1280 1471 1345; x_wconf 88' lang='lat' dir='ltr'><strong>tibi</strong></span> <span class='ocrx_word' id='word_1_50' title='bbox 1495 1279 1673 1345; x_wconf 87' lang='lat' dir='ltr'><strong>utilis</strong></span> <span class='ocrx_word' id='word_1_51' title='bbox 1700 1302 1715 1345; x_wconf 75' lang='grc' dir='ltr'>ε</span> <span class='ocrx_word' id='word_1_52' title='bbox 1739 1278 1980 1360; x_wconf 84' lang='lat' dir='ltr'><strong>exigua</strong></span> <span class='ocrx_word' id='word_1_53' title='bbox 1998 1277 2172 1342; x_wconf 89' lang='lat' dir='ltr'><strong>enim</strong></span> 
     </span>
     <span class='ocr_line' id='line_1_9' title="bbox 630 1386 2170 1472; baseline -0.002 -19"><span class='ocrx_word' id='word_1_54' title='bbox 630 1388 831 1453; x_wconf 86' lang='lat' dir='ltr'><strong>datin</strong></span> <span class='ocrx_word' id='word_1_55' title='bbox 863 1389 1148 1469; x_wconf 88' lang='lat' dir='ltr'><strong>mundo,</strong></span> <span class='ocrx_word' id='word_1_56' title='bbox 1199 1392 1264 1455; x_wconf 91' lang='lat' dir='ltr'><strong>et</strong></span> <span class='ocrx_word' id='word_1_57' title='bbox 1301 1387 1515 1455; x_wconf 86' lang='lat' dir='ltr'><strong>multa</strong></span> <span class='ocrx_word' id='word_1_58' title='bbox 1540 1388 1930 1472; x_wconf 81' lang='lat' dir='ltr'><strong>improperat</strong></span> <span class='ocrx_word' id='word_1_59' title='bbox 1970 1387 2042 1450; x_wconf 92' lang='lat' dir='ltr'><strong>in</strong></span> <span class='ocrx_word' id='word_1_60' title='bbox 2070 1386 2170 1450; x_wconf 91' lang='lat' dir='ltr'><strong>in-</strong></span> 
     </span>
     <span class='ocr_line' id='line_1_10' title="bbox 629 1494 2174 1578; baseline -0.001 -18"><span class='ocrx_word' id='word_1_61' title='bbox 629 1497 849 1560; x_wconf 86' lang='lat' dir='ltr'><strong>ferno:</strong></span> <span class='ocrx_word' id='word_1_62' title='bbox 886 1498 1130 1578; x_wconf 84' lang='lat' dir='ltr'><strong>exigua</strong></span> <span class='ocrx_word' id='word_1_63' title='bbox 1154 1497 1221 1561; x_wconf 90' lang='lat' dir='ltr'><strong>in</strong></span> <span class='ocrx_word' id='word_1_64' title='bbox 1252 1497 1661 1562; x_wconf 84' lang='lat' dir='ltr'><strong>delectatione</strong></span> <span class='ocrx_word' id='word_1_65' title='bbox 1677 1544 1699 1576; x_wconf 89' lang='lat'>‚</span> <span class='ocrx_word' id='word_1_66' title='bbox 1727 1494 1935 1560; x_wconf 87' lang='lat' dir='ltr'><strong>multa</strong></span> <span class='ocrx_word' id='word_1_67' title='bbox 1955 1494 2025 1557; x_wconf 91' lang='lat' dir='ltr'><strong>in</strong></span> <span class='ocrx_word' id='word_1_68' title='bbox 2051 1511 2174 1576; x_wconf 89' lang='lat' dir='ltr'><strong>pu-</strong></span> 
     </span>
     <span class='ocr_line' id='line_1_11' title="bbox 630 1603 2174 1687; baseline -0.001 -20"><span class='ocrx_word' id='word_1_69' title='bbox 630 1604 893 1670; x_wconf 91' lang='lat' dir='ltr'><strong>nitione.</strong></span> <span class='ocrx_word' id='word_1_70' title='bbox 943 1604 1292 1687; x_wconf 80' lang='lat' dir='ltr'><strong>Gregorius</strong></span> <span class='ocrx_word' id='word_1_71' title='bbox 1332 1607 1355 1641; x_wconf 79' lang='lat'>⁸</span> <span class='ocrx_word' id='word_1_72' title='bbox 1408 1626 1425 1671; x_wconf 73' lang='grc' dir='ltr'><strong><em>ε</em></strong></span> <span class='ocrx_word' id='word_1_73' title='bbox 1457 1627 1489 1668; x_wconf 76' lang='grc' dir='ltr'>α</span> <span class='ocrx_word' id='word_1_74' title='bbox 1525 1603 2040 1669; x_wconf 83' lang='lat' dir='ltr'><strong>Momentaneum</strong></span> <span class='ocrx_word' id='word_1_75' title='bbox 2079 1604 2174 1666; x_wconf 85' lang='lat' dir='ltr'><strong>est</strong></span> 
     </span>
     <span class='ocr_line' id='line_1_12' title="bbox 630 1707 2164 1796; baseline -0.006 -19"><span class='ocrx_word' id='word_1_76' title='bbox 630 1712 805 1795; x_wconf 89' lang='lat' dir='ltr'><strong>quod</strong></span> <span class='ocrx_word' id='word_1_77' title='bbox 856 1710 1122 1777; x_wconf 81' lang='lat' dir='ltr'><strong>delectat</strong></span> <span class='ocrx_word' id='word_1_78' title='bbox 1152 1759 1175 1792; x_wconf 89' lang='lat'><strong>,</strong></span> <span class='ocrx_word' id='word_1_79' title='bbox 1243 1715 1558 1782; x_wconf 62' lang='lat' dir='ltr'><strong>aeternum</strong></span> <span class='ocrx_word' id='word_1_80' title='bbox 1612 1709 1784 1794; x_wconf 90' lang='lat' dir='ltr'><strong>quod</strong></span> <span class='ocrx_word' id='word_1_81' title='bbox 1844 1707 2105 1796; x_wconf 82' lang='lat' dir='ltr'><strong>cruciat.</strong></span> <span class='ocrx_word' id='word_1_82' title='bbox 2132 1727 2164 1766; x_wconf 70' lang='grc' dir='ltr'><strong><em>ι</em></strong></span> 
     </span>
     <span class='ocr_line' id='line_1_13' title="bbox 632 1816 2169 1896; baseline -0.004 -11"><span class='ocrx_word' id='word_1_83' title='bbox 632 1820 813 1886; x_wconf 76' lang='lat' dir='ltr'><strong>Oculi</strong></span> <span class='ocrx_word' id='word_1_84' title='bbox 855 1820 1088 1886; x_wconf 87' lang='lat' dir='ltr'><strong>diaboli</strong></span> <span class='ocrx_word' id='word_1_85' title='bbox 1130 1824 1282 1885; x_wconf 90' lang='lat' dir='ltr'><strong>sunt</strong></span> <span class='ocrx_word' id='word_1_86' title='bbox 1331 1818 1709 1885; x_wconf 66' lang='lat' dir='ltr'><strong>subtilitates</strong></span> <span class='ocrx_word' id='word_1_87' title='bbox 1759 1822 1822 1884; x_wconf 90' lang='lat' dir='ltr'><strong>et</strong></span> <span class='ocrx_word' id='word_1_88' title='bbox 1876 1816 2127 1881; x_wconf 83' lang='lat' dir='ltr'><strong>astutiae</strong></span> <span class='ocrx_word' id='word_1_89' title='bbox 2150 1864 2169 1896; x_wconf 89' lang='lat'>‚</span> 
     </span>
     <span class='ocr_line' id='line_1_14' title="bbox 630 1924 2175 2011; baseline -0.005 -17"><span class='ocrx_word' id='word_1_90' title='bbox 630 1929 868 2010; x_wconf 87' lang='lat' dir='ltr'><strong>quibus</strong></span> <span class='ocrx_word' id='word_1_91' title='bbox 890 1928 1230 1993; x_wconf 84' lang='lat' dir='ltr'><strong>animabus</strong></span> <span class='ocrx_word' id='word_1_92' title='bbox 1254 1927 1593 1993; x_wconf 87' lang='lat' dir='ltr'><strong>insidiatur</strong></span> <span class='ocrx_word' id='word_1_93' title='bbox 1617 1945 1734 2011; x_wconf 91' lang='lat' dir='ltr'><strong>per</strong></span> <span class='ocrx_word' id='word_1_94' title='bbox 1750 1928 1995 2009; x_wconf 87' lang='lat' dir='ltr'><strong>septem</strong></span> <span class='ocrx_word' id='word_1_95' title='bbox 2013 1924 2175 1990; x_wconf 80' lang='lat' dir='ltr'><strong>vitia</strong></span> 
     </span>
     <span class='ocr_line' id='line_1_15' title="bbox 631 2034 2042 2121; baseline -0.004 -19"><span class='ocrx_word' id='word_1_96' title='bbox 631 2037 948 2121; x_wconf 86' lang='lat' dir='ltr'><strong>capitalia.</strong></span> <span class='ocrx_word' id='word_1_97' title='bbox 979 2037 1056 2103; x_wconf 88' lang='lat' dir='ltr'><strong>Et</strong></span> <span class='ocrx_word' id='word_1_98' title='bbox 1081 2037 1224 2103; x_wconf 91' lang='lat' dir='ltr'><strong>ideo</strong></span> <span class='ocrx_word' id='word_1_99' title='bbox 1253 2035 1689 2120; x_wconf 79' lang='lat' dir='ltr'><strong>septemplices</strong></span> <span class='ocrx_word' id='word_1_100' title='bbox 1713 2034 2042 2100; x_wconf 87' lang='lat' dir='ltr'><strong>dicuntur.</strong></span> 
     </span>
    </p>

    <p class='ocr_par' dir='ltr' id='par_1_3' title="bbox 627 2141 2188 5420">
     <span class='ocr_line' id='line_1_16' title="bbox 714 2141 2174 2224; baseline -0.003 -13"><span class='ocrx_word' id='word_1_101' title='bbox 714 2145 803 2211; x_wconf 90' lang='lat' dir='ltr'><strong>De</strong></span> <span class='ocrx_word' id='word_1_102' title='bbox 828 2145 1107 2211; x_wconf 89' lang='lat' dir='ltr'><strong>seeundo</strong></span> <span class='ocrx_word' id='word_1_103' title='bbox 1126 2152 1148 2188; x_wconf 77' lang='lat'><strong>⁸</strong></span> <span class='ocrx_word' id='word_1_104' title='bbox 1180 2167 1254 2211; x_wconf 78' lang='lat' dir='ltr'><strong>z«</strong></span> <span class='ocrx_word' id='word_1_105' title='bbox 1284 2144 1516 2211; x_wconf 90' lang='lat' dir='ltr'><strong>Sinon</strong></span> <span class='ocrx_word' id='word_1_106' title='bbox 1545 2144 1794 2224; x_wconf 90' lang='lat' dir='ltr'><strong>abiero,</strong></span> <span class='ocrx_word' id='word_1_107' title='bbox 1826 2141 2174 2208; x_wconf 88' lang='lat' dir='ltr'><strong>Paraclitus</strong></span> 
     </span>
     <span class='ocr_line' id='line_1_17' title="bbox 632 2252 2177 2335; baseline -0.005 -16"><span class='ocrx_word' id='word_1_108' title='bbox 632 2271 763 2318; x_wconf 88' lang='lat' dir='ltr'><strong>non</strong></span> <span class='ocrx_word' id='word_1_109' title='bbox 785 2254 1002 2319; x_wconf 84' lang='lat' dir='ltr'><strong>veniet</strong></span> <span class='ocrx_word' id='word_1_110' title='bbox 1026 2253 1106 2318; x_wconf 87' lang='lat' dir='ltr'><strong>ad</strong></span> <span class='ocrx_word' id='word_1_111' title='bbox 1130 2271 1247 2320; x_wconf 80' lang='lat' dir='ltr'><strong>vos</strong></span> <span class='ocrx_word' id='word_1_112' title='bbox 1267 2302 1284 2335; x_wconf 90' lang='lat'><strong>,</strong></span> <span class='ocrx_word' id='word_1_113' title='bbox 1303 2275 1335 2314; x_wconf 74' lang='lat' dir='ltr'><strong>n</strong></span> <span class='ocrx_word' id='word_1_114' title='bbox 1362 2256 1483 2317; x_wconf 90' lang='lat' dir='ltr'><strong>etc.</strong></span> <span class='ocrx_word' id='word_1_115' title='bbox 1516 2275 1548 2315; x_wconf 77' lang='grc' dir='ltr'>α</span> <span class='ocrx_word' id='word_1_116' title='bbox 1574 2252 1735 2319; x_wconf 89' lang='lat' dir='ltr'><strong>Cum</strong></span> <span class='ocrx_word' id='word_1_117' title='bbox 1753 2254 1972 2318; x_wconf 91' lang='lat' dir='ltr'><strong>autem</strong></span> <span class='ocrx_word' id='word_1_118' title='bbox 1984 2267 2177 2319; x_wconf 89' lang='lat' dir='ltr'><strong>vene-</strong></span> 
     </span>
     <span class='ocr_line' id='line_1_18' title="bbox 633 2359 2169 2443; baseline -0.004 -15"><span class='ocrx_word' id='word_1_119' title='bbox 633 2361 719 2428; x_wconf 84' lang='lat' dir='ltr'><strong>rit</strong></span> <span class='ocrx_word' id='word_1_120' title='bbox 746 2361 889 2441; x_wconf 89' lang='lat' dir='ltr'><strong>ille,</strong></span> <span class='ocrx_word' id='word_1_121' title='bbox 917 2364 1152 2443; x_wconf 83' lang='lat' dir='ltr'><strong>arguet</strong></span> <span class='ocrx_word' id='word_1_122' title='bbox 1179 2360 1495 2426; x_wconf 89' lang='lat' dir='ltr'><strong>mundum</strong></span> <span class='ocrx_word' id='word_1_123' title='bbox 1534 2359 1611 2425; x_wconf 94' lang='lat' dir='ltr'><strong>de</strong></span> <span class='ocrx_word' id='word_1_124' title='bbox 1661 2363 1920 2443; x_wconf 88' lang='lat' dir='ltr'><strong>peccato</strong></span> <span class='ocrx_word' id='word_1_125' title='bbox 1935 2405 1956 2438; x_wconf 93' lang='lat'><strong>,</strong></span> <span class='ocrx_word' id='word_1_126' title='bbox 1985 2379 2016 2417; x_wconf 67' lang='lat' dir='ltr'><strong>n</strong></span> <span class='ocrx_word' id='word_1_127' title='bbox 2052 2361 2169 2422; x_wconf 90' lang='lat' dir='ltr'><strong>etc.</strong></span> 
     </span>
     <span class='ocr_line' id='line_1_19' title="bbox 632 2467 2177 2552; baseline -0.003 -19"><span class='ocrx_word' id='word_1_128' title='bbox 632 2467 801 2533; x_wconf 83' lang='lat' dir='ltr'><strong>Misit</strong></span> <span class='ocrx_word' id='word_1_129' title='bbox 859 2467 1164 2533; x_wconf 90' lang='lat' dir='ltr'><strong>Dominus</strong></span> <span class='ocrx_word' id='word_1_130' title='bbox 1230 2467 1542 2552; x_wconf 89' lang='lat' dir='ltr'><strong>Spiritum</strong></span> <span class='ocrx_word' id='word_1_131' title='bbox 1598 2471 1892 2536; x_wconf 83' lang='lat' dir='ltr'><strong>sanctum</strong></span> <span class='ocrx_word' id='word_1_132' title='bbox 1955 2469 2177 2530; x_wconf 85' lang='lat' dir='ltr'><strong>contra</strong></span> 
     </span>
     <span class='ocr_line' id='line_1_20' title="bbox 633 2573 2177 2657; baseline -0.001 -18"><span class='ocrx_word' id='word_1_133' title='bbox 633 2575 952 2648; x_wconf 88' lang='lat' dir='ltr'><strong>mundum</strong></span> <span class='ocrx_word' id='word_1_134' title='bbox 978 2576 1060 2640; x_wconf 87' lang='lat' dir='ltr'><strong>ad</strong></span> <span class='ocrx_word' id='word_1_135' title='bbox 1084 2576 1489 2657; x_wconf 88' lang='lat' dir='ltr'><strong>arguendum</strong></span> <span class='ocrx_word' id='word_1_136' title='bbox 1505 2625 1525 2656; x_wconf 86' lang='lat'><strong>,</strong></span> <span class='ocrx_word' id='word_1_137' title='bbox 1554 2575 1717 2640; x_wconf 87' lang='lat' dir='ltr'><strong>sicut</strong></span> <span class='ocrx_word' id='word_1_138' title='bbox 1744 2574 1982 2656; x_wconf 88' lang='lat' dir='ltr'><strong>sagitta</strong></span> <span class='ocrx_word' id='word_1_139' title='bbox 2023 2573 2177 2638; x_wconf 92' lang='lat' dir='ltr'><strong>mit-</strong></span> 
     </span>
     <span class='ocr_line' id='line_1_21' title="bbox 631 2680 2170 2748; baseline -0.002 0"><span class='ocrx_word' id='word_1_140' title='bbox 631 2684 791 2748; x_wconf 83' lang='lat' dir='ltr'><strong>titur</strong></span> <span class='ocrx_word' id='word_1_141' title='bbox 814 2685 1035 2748; x_wconf 89' lang='lat' dir='ltr'><strong>contra</strong></span> <span class='ocrx_word' id='word_1_142' title='bbox 1061 2683 1312 2748; x_wconf 87' lang='lat' dir='ltr'><strong>hostem</strong></span> <span class='ocrx_word' id='word_1_143' title='bbox 1351 2683 1432 2747; x_wconf 91' lang='lat' dir='ltr'><strong>ad</strong></span> <span class='ocrx_word' id='word_1_144' title='bbox 1468 2682 1845 2748; x_wconf 80' lang='lat' dir='ltr'><strong>feriendum.</strong></span> <span class='ocrx_word' id='word_1_145' title='bbox 1897 2680 2077 2747; x_wconf 88' lang='lat' dir='ltr'><strong>Unde</strong></span> <span class='ocrx_word' id='word_1_146' title='bbox 2097 2686 2119 2721; x_wconf 75' lang='lat'><strong>⁴</strong></span> <span class='ocrx_word' id='word_1_147' title='bbox 2154 2700 2170 2745; x_wconf 74' lang='grc' dir='ltr'><strong>ε</strong></span> 
     </span>
     <span class='ocr_line' id='line_1_22' title="bbox 642 2789 2176 2874; baseline -0.007 -12"><span class='ocrx_word' id='word_1_148' title='bbox 642 2816 675 2862; x_wconf 73' lang='grc' dir='ltr'><strong>,τι</strong></span> <span class='ocrx_word' id='word_1_149' title='bbox 700 2792 759 2857; x_wconf 84' lang='grc' dir='ltr'><strong>Α</strong></span> <span class='ocrx_word' id='word_1_150' title='bbox 783 2809 940 2860; x_wconf 85' lang='lat' dir='ltr'><strong>voce</strong></span> <span class='ocrx_word' id='word_1_151' title='bbox 965 2790 1229 2874; x_wconf 85' lang='lat' dir='ltr'><strong>equitis,</strong></span> <span class='ocrx_word' id='word_1_152' title='bbox 1272 2794 1335 2856; x_wconf 89' lang='lat' dir='ltr'><strong>et</strong></span> <span class='ocrx_word' id='word_1_153' title='bbox 1379 2790 1685 2856; x_wconf 89' lang='lat' dir='ltr'><strong>mittentis</strong></span> <span class='ocrx_word' id='word_1_154' title='bbox 1710 2790 2012 2872; x_wconf 80' lang='lat' dir='ltr'><strong>sagittam</strong></span> <span class='ocrx_word' id='word_1_155' title='bbox 2028 2836 2051 2865; x_wconf 91' lang='lat'><strong>,</strong></span> <span class='ocrx_word' id='word_1_156' title='bbox 2079 2789 2176 2853; x_wconf 85' lang='lat' dir='ltr'><strong>fu·</strong></span> 
     </span>
     <span class='ocr_line' id='line_1_23' title="bbox 635 2897 2173 2985; baseline -0.003 -20"><span class='ocrx_word' id='word_1_157' title='bbox 635 2900 734 2985; x_wconf 91' lang='lat' dir='ltr'><strong>git</strong></span> <span class='ocrx_word' id='word_1_158' title='bbox 755 2899 967 2966; x_wconf 91' lang='lat' dir='ltr'><strong>omnis</strong></span> <span class='ocrx_word' id='word_1_159' title='bbox 993 2898 1238 2965; x_wconf 88' lang='lat' dir='ltr'><strong>civitas.</strong></span> <span class='ocrx_word' id='word_1_160' title='bbox 1259 2919 1291 2959; x_wconf 77' lang='lat' dir='ltr'><strong>n</strong></span> <span class='ocrx_word' id='word_1_161' title='bbox 1326 2898 1603 2964; x_wconf 88' lang='lat' dir='ltr'><strong>Mundus</strong></span> <span class='ocrx_word' id='word_1_162' title='bbox 1632 2903 1730 2963; x_wconf 90' lang='lat' dir='ltr'><strong>est</strong></span> <span class='ocrx_word' id='word_1_163' title='bbox 1755 2898 2054 2982; x_wconf 85' lang='lat' dir='ltr'><strong>quaedam</strong></span> <span class='ocrx_word' id='word_1_164' title='bbox 2082 2897 2173 2962; x_wconf 88' lang='lat' dir='ltr'><strong>ci-</strong></span> 
     </span>
     <span class='ocr_line' id='line_1_24' title="bbox 634 3006 2168 3093; baseline -0.005 -17"><span class='ocrx_word' id='word_1_165' title='bbox 634 3009 802 3077; x_wconf 86' lang='lat' dir='ltr'><strong>vitas</strong></span> <span class='ocrx_word' id='word_1_166' title='bbox 821 3058 839 3090; x_wconf 91' lang='lat'>‚</span> <span class='ocrx_word' id='word_1_167' title='bbox 870 3009 950 3074; x_wconf 91' lang='lat' dir='ltr'><strong>de</strong></span> <span class='ocrx_word' id='word_1_168' title='bbox 978 3028 1107 3093; x_wconf 88' lang='lat' dir='ltr'><strong>qua</strong></span> <span class='ocrx_word' id='word_1_169' title='bbox 1131 3009 1154 3046; x_wconf 84' lang='lat'>⁸</span> <span class='ocrx_word' id='word_1_170' title='bbox 1185 3027 1202 3074; x_wconf 71' lang='grc' dir='ltr'><em>ε</em></span> <span class='ocrx_word' id='word_1_171' title='bbox 1234 3028 1267 3070; x_wconf 74' lang='grc' dir='ltr'>ι</span> <span class='ocrx_word' id='word_1_172' title='bbox 1299 3006 1501 3073; x_wconf 79' lang='lat' dir='ltr'><strong>Missis</strong></span> <span class='ocrx_word' id='word_1_173' title='bbox 1526 3007 1910 3072; x_wconf 80' lang='lat' dir='ltr'><strong>exercitibus</strong></span> <span class='ocrx_word' id='word_1_174' title='bbox 1937 3006 2106 3088; x_wconf 85' lang='lat' dir='ltr'><strong>suis,</strong></span> <span class='ocrx_word' id='word_1_175' title='bbox 2136 3027 2168 3067; x_wconf 71' lang='lat' dir='ltr'><strong>n</strong></span> 
     </span>
     <span class='ocr_line' id='line_1_25' title="bbox 635 3114 2180 3199; baseline -0.002 -18"><span class='ocrx_word' id='word_1_176' title='bbox 635 3117 702 3184; x_wconf 91' lang='lat' dir='ltr'><strong>id</strong></span> <span class='ocrx_word' id='word_1_177' title='bbox 726 3121 822 3181; x_wconf 90' lang='lat' dir='ltr'><strong>est</strong></span> <span class='ocrx_word' id='word_1_178' title='bbox 844 3115 1124 3199; x_wconf 90' lang='lat' dir='ltr'><strong>angelis,</strong></span> <span class='ocrx_word' id='word_1_179' title='bbox 1163 3137 1195 3177; x_wconf 80' lang='grc' dir='ltr'>α</span> <span class='ocrx_word' id='word_1_180' title='bbox 1219 3114 1493 3198; x_wconf 88' lang='lat' dir='ltr'><strong>perdidit</strong></span> <span class='ocrx_word' id='word_1_181' title='bbox 1516 3114 1869 3180; x_wconf 88' lang='lat' dir='ltr'><strong>homicidas</strong></span> <span class='ocrx_word' id='word_1_182' title='bbox 1894 3114 2040 3179; x_wconf 90' lang='lat' dir='ltr'><strong>illos</strong></span> <span class='ocrx_word' id='word_1_183' title='bbox 2055 3162 2080 3195; x_wconf 93' lang='lat'><strong>,</strong></span> <span class='ocrx_word' id='word_1_184' title='bbox 2113 3117 2180 3179; x_wconf 91' lang='lat' dir='ltr'><strong>et</strong></span> 
     </span>
     <span class='ocr_line' id='line_1_26' title="bbox 633 3221 2179 3289; baseline -0.001 0"><span class='ocrx_word' id='word_1_185' title='bbox 633 3225 959 3289; x_wconf 86' lang='lat' dir='ltr'><strong>civitatem</strong></span> <span class='ocrx_word' id='word_1_186' title='bbox 982 3223 1239 3289; x_wconf 89' lang='lat' dir='ltr'><strong>illorum</strong></span> <span class='ocrx_word' id='word_1_187' title='bbox 1261 3222 1609 3288; x_wconf 81' lang='lat' dir='ltr'><strong>succendit.</strong></span> <span class='ocrx_word' id='word_1_188' title='bbox 1633 3244 1666 3284; x_wconf 67' lang='lat' dir='ltr'>n</span> <span class='ocrx_word' id='word_1_189' title='bbox 1689 3222 1823 3288; x_wconf 88' lang='lat' dir='ltr'><strong>Hoc</strong></span> <span class='ocrx_word' id='word_1_190' title='bbox 1840 3223 1952 3287; x_wconf 88' lang='lat' dir='ltr'><strong>flet</strong></span> <span class='ocrx_word' id='word_1_191' title='bbox 1976 3222 2049 3285; x_wconf 90' lang='lat' dir='ltr'><strong>in</strong></span> <span class='ocrx_word' id='word_1_192' title='bbox 2073 3221 2179 3287; x_wconf 91' lang='lat' dir='ltr'><strong>die</strong></span> 
     </span>
     <span class='ocr_line' id='line_1_27' title="bbox 627 3328 2179 3415; baseline -0.001 -19"><span class='ocrx_word' id='word_1_193' title='bbox 627 3331 882 3415; x_wconf 84' lang='lat' dir='ltr'><strong>judicii,</strong></span> <span class='ocrx_word' id='word_1_194' title='bbox 926 3329 1184 3414; x_wconf 89' lang='lat' dir='ltr'><strong>quando</strong></span> <span class='ocrx_word' id='word_1_195' title='bbox 1230 3328 1623 3394; x_wconf 87' lang='lat' dir='ltr'><strong>cremabitur</strong></span> <span class='ocrx_word' id='word_1_196' title='bbox 1670 3328 1974 3393; x_wconf 87' lang='lat' dir='ltr'><strong>mundus.</strong></span> <span class='ocrx_word' id='word_1_197' title='bbox 2030 3328 2179 3394; x_wconf 81' lang='lat' dir='ltr'><strong>Haec</strong></span> 
     </span>
     <span class='ocr_line' id='line_1_28' title="bbox 633 3435 2181 3519; baseline -0.001 -16"><span class='ocrx_word' id='word_1_198' title='bbox 633 3443 848 3504; x_wconf 91' lang='lat' dir='ltr'><strong>autem</strong></span> <span class='ocrx_word' id='word_1_199' title='bbox 876 3436 1100 3503; x_wconf 87' lang='lat' dir='ltr'><strong>civitas</strong></span> <span class='ocrx_word' id='word_1_200' title='bbox 1116 3437 1343 3519; x_wconf 84' lang='lat' dir='ltr'><strong>fugere</strong></span> <span class='ocrx_word' id='word_1_201' title='bbox 1368 3436 1556 3503; x_wconf 90' lang='lat' dir='ltr'><strong>debet</strong></span> <span class='ocrx_word' id='word_1_202' title='bbox 1583 3435 1665 3500; x_wconf 91' lang='lat' dir='ltr'><strong>ad</strong></span> <span class='ocrx_word' id='word_1_203' title='bbox 1686 3453 2028 3502; x_wconf 86' lang='lat' dir='ltr'><strong>cavernam</strong></span> <span class='ocrx_word' id='word_1_204' title='bbox 2051 3454 2181 3519; x_wconf 86' lang='lat' dir='ltr'><strong>poe·</strong></span> 
     </span>
     <span class='ocr_line' id='line_1_29' title="bbox 632 3542 2179 3624; baseline -0.001 -14"><span class='ocrx_word' id='word_1_205' title='bbox 632 3545 918 3611; x_wconf 81' lang='lat' dir='ltr'><strong>nitentiae</strong></span> <span class='ocrx_word' id='word_1_206' title='bbox 936 3592 958 3624; x_wconf 94' lang='lat'><strong>,</strong></span> <span class='ocrx_word' id='word_1_207' title='bbox 999 3543 1105 3608; x_wconf 87' lang='lat' dir='ltr'><strong>vel</strong></span> <span class='ocrx_word' id='word_1_208' title='bbox 1144 3543 1226 3610; x_wconf 90' lang='lat' dir='ltr'><strong>ad</strong></span> <span class='ocrx_word' id='word_1_209' title='bbox 1264 3543 1460 3610; x_wconf 89' lang='lat' dir='ltr'><strong>urbes</strong></span> <span class='ocrx_word' id='word_1_210' title='bbox 1501 3542 1778 3624; x_wconf 85' lang='lat' dir='ltr'><strong>refugii,</strong></span> <span class='ocrx_word' id='word_1_211' title='bbox 1817 3542 2051 3608; x_wconf 86' lang='lat' dir='ltr'><strong>scilicet</strong></span> <span class='ocrx_word' id='word_1_212' title='bbox 2097 3542 2179 3608; x_wconf 89' lang='lat' dir='ltr'><strong>ad</strong></span> 
     </span>
     <span class='ocr_line' id='line_1_30' title="bbox 632 3650 2172 3735; baseline -0.001 -20"><span class='ocrx_word' id='word_1_213' title='bbox 632 3653 1015 3735; x_wconf 75' lang='lat' dir='ltr'><strong>religionem</strong></span> <span class='ocrx_word' id='word_1_214' title='bbox 1032 3698 1055 3731; x_wconf 93' lang='lat'><strong>,</strong></span> <span class='ocrx_word' id='word_1_215' title='bbox 1085 3651 1192 3718; x_wconf 84' lang='lat' dir='ltr'><strong>vel</strong></span> <span class='ocrx_word' id='word_1_216' title='bbox 1217 3650 1296 3718; x_wconf 88' lang='lat' dir='ltr'><strong>ad</strong></span> <span class='ocrx_word' id='word_1_217' title='bbox 1326 3650 1609 3734; x_wconf 79' lang='lat' dir='ltr'><strong>aliquem</strong></span> <span class='ocrx_word' id='word_1_218' title='bbox 1650 3653 1890 3715; x_wconf 89' lang='lat' dir='ltr'><strong>statum</strong></span> <span class='ocrx_word' id='word_1_219' title='bbox 1930 3650 2172 3714; x_wconf 86' lang='lat' dir='ltr'><strong>salutis.</strong></span> 
     </span>
     <span class='ocr_line' id='line_1_31' title="bbox 634 3756 2180 3825; baseline -0.001 0"><span class='ocrx_word' id='word_1_220' title='bbox 634 3759 813 3825; x_wconf 88' lang='lat' dir='ltr'><strong>Unde</strong></span> <span class='ocrx_word' id='word_1_221' title='bbox 840 3758 1209 3824; x_wconf 85' lang='lat' dir='ltr'><strong>Bernardus</strong></span> <span class='ocrx_word' id='word_1_222' title='bbox 1224 3758 1248 3795; x_wconf 79' lang='lat'>⁸</span> <span class='ocrx_word' id='word_1_223' title='bbox 1282 3780 1299 3822; x_wconf 70' lang='grc' dir='ltr'><strong>ε</strong></span> <span class='ocrx_word' id='word_1_224' title='bbox 1333 3780 1365 3820; x_wconf 80' lang='grc' dir='ltr'>α</span> <span class='ocrx_word' id='word_1_225' title='bbox 1391 3756 1736 3823; x_wconf 77' lang='lat' dir='ltr'><strong>convolate</strong></span> <span class='ocrx_word' id='word_1_226' title='bbox 1762 3756 1842 3821; x_wconf 87' lang='lat' dir='ltr'><strong>ad</strong></span> <span class='ocrx_word' id='word_1_227' title='bbox 1868 3757 2064 3822; x_wconf 88' lang='lat' dir='ltr'><strong>urbes</strong></span> <span class='ocrx_word' id='word_1_228' title='bbox 2086 3775 2180 3823; x_wconf 88' lang='lat' dir='ltr'><strong>re—</strong></span> 
     </span>
     <span class='ocr_line' id='line_1_32' title="bbox 631 3864 2181 3950; baseline -0.003 -17"><span class='ocrx_word' id='word_1_229' title='bbox 631 3867 800 3950; x_wconf 82' lang='lat' dir='ltr'><strong>fugii</strong></span> <span class='ocrx_word' id='word_1_230' title='bbox 817 3915 838 3947; x_wconf 93' lang='lat'><strong>,</strong></span> <span class='ocrx_word' id='word_1_231' title='bbox 861 3867 972 3935; x_wconf 91' lang='lat' dir='ltr'><strong>ubi</strong></span> <span class='ocrx_word' id='word_1_232' title='bbox 1001 3866 1257 3950; x_wconf 90' lang='lat' dir='ltr'><strong>possitis</strong></span> <span class='ocrx_word' id='word_1_233' title='bbox 1284 3869 1348 3930; x_wconf 89' lang='lat' dir='ltr'><strong>et</strong></span> <span class='ocrx_word' id='word_1_234' title='bbox 1369 3864 1446 3930; x_wconf 94' lang='lat' dir='ltr'><strong>de</strong></span> <span class='ocrx_word' id='word_1_235' title='bbox 1468 3864 1807 3949; x_wconf 84' lang='lat' dir='ltr'><strong>praeteritis</strong></span> <span class='ocrx_word' id='word_1_236' title='bbox 1834 3883 2027 3947; x_wconf 90' lang='lat' dir='ltr'><strong>agere</strong></span> <span class='ocrx_word' id='word_1_237' title='bbox 2053 3883 2181 3948; x_wconf 85' lang='lat' dir='ltr'><strong>poe-</strong></span> 
     </span>
     <span class='ocr_line' id='line_1_33' title="bbox 633 3972 2175 4056; baseline -0.002 -16"><span class='ocrx_word' id='word_1_238' title='bbox 633 3975 971 4041; x_wconf 89' lang='lat' dir='ltr'><strong>nitentiam</strong></span> <span class='ocrx_word' id='word_1_239' title='bbox 985 4023 1006 4055; x_wconf 93' lang='lat'><em>‚</em></span> <span class='ocrx_word' id='word_1_240' title='bbox 1043 3977 1109 4040; x_wconf 85' lang='lat' dir='ltr'><strong>et</strong></span> <span class='ocrx_word' id='word_1_241' title='bbox 1132 3974 1212 4039; x_wconf 91' lang='lat' dir='ltr'><strong>de</strong></span> <span class='ocrx_word' id='word_1_242' title='bbox 1241 3972 1662 4056; x_wconf 74' lang='lat' dir='ltr'><strong>praesentibus</strong></span> <span class='ocrx_word' id='word_1_243' title='bbox 1699 3972 1986 4037; x_wconf 89' lang='lat' dir='ltr'><strong>obtinere</strong></span> <span class='ocrx_word' id='word_1_244' title='bbox 2022 3989 2175 4054; x_wconf 88' lang='lat' dir='ltr'><strong>gra·</strong></span> 
     </span>
     <span class='ocr_line' id='line_1_34' title="bbox 634 4080 2180 4163; baseline -0.001 -16"><span class='ocrx_word' id='word_1_245' title='bbox 634 4084 791 4147; x_wconf 86' lang='lat' dir='ltr'><strong>tiam</strong></span> <span class='ocrx_word' id='word_1_246' title='bbox 808 4132 829 4161; x_wconf 91' lang='lat'><strong>,</strong></span> <span class='ocrx_word' id='word_1_247' title='bbox 862 4086 927 4147; x_wconf 89' lang='lat' dir='ltr'><strong>et</strong></span> <span class='ocrx_word' id='word_1_248' title='bbox 950 4083 1238 4147; x_wconf 85' lang='lat' dir='ltr'><strong>futuram</strong></span> <span class='ocrx_word' id='word_1_249' title='bbox 1282 4080 1558 4163; x_wconf 88' lang='lat' dir='ltr'><strong>gloriam</strong></span> <span class='ocrx_word' id='word_1_250' title='bbox 1602 4080 1870 4154; x_wconf 85' lang='lat' dir='ltr'><strong>feliciter</strong></span> <span class='ocrx_word' id='word_1_251' title='bbox 1906 4084 2180 4163; x_wconf 81' lang='lat' dir='ltr'><strong>praesto-</strong></span> 
     </span>
     <span class='ocr_line' id='line_1_35' title="bbox 633 4187 2182 4272; baseline -0.003 -16"><span class='ocrx_word' id='word_1_252' title='bbox 633 4190 776 4256; x_wconf 88' lang='lat' dir='ltr'><strong>lari.</strong></span> <span class='ocrx_word' id='word_1_253' title='bbox 823 4211 856 4250; x_wconf 70' lang='grc' dir='ltr'><strong>υ</strong></span> <span class='ocrx_word' id='word_1_254' title='bbox 898 4189 1156 4272; x_wconf 82' lang='lat' dir='ltr'><strong>Fugere</strong></span> <span class='ocrx_word' id='word_1_255' title='bbox 1195 4193 1412 4255; x_wconf 86' lang='lat' dir='ltr'><strong>antem</strong></span> <span class='ocrx_word' id='word_1_256' title='bbox 1451 4187 1637 4254; x_wconf 88' lang='lat' dir='ltr'><strong>debet</strong></span> <span class='ocrx_word' id='word_1_257' title='bbox 1682 4188 1879 4253; x_wconf 87' lang='lat' dir='ltr'><strong>homo</strong></span> <span class='ocrx_word' id='word_1_258' title='bbox 1923 4191 2182 4270; x_wconf 88' lang='lat' dir='ltr'><strong>propter</strong></span> 
     </span>
     <span class='ocr_line' id='line_1_36' title="bbox 634 4294 2185 4379; baseline -0.004 -14"><span class='ocrx_word' id='word_1_259' title='bbox 634 4299 789 4377; x_wconf 91' lang='lat' dir='ltr'><strong>duo,</strong></span> <span class='ocrx_word' id='word_1_260' title='bbox 809 4300 1072 4379; x_wconf 90' lang='lat' dir='ltr'><strong>propter</strong></span> <span class='ocrx_word' id='word_1_261' title='bbox 1091 4315 1315 4363; x_wconf 88' lang='lat' dir='ltr'><strong>vocem</strong></span> <span class='ocrx_word' id='word_1_262' title='bbox 1327 4299 1392 4362; x_wconf 91' lang='lat' dir='ltr'><strong>et</strong></span> <span class='ocrx_word' id='word_1_263' title='bbox 1417 4297 1745 4378; x_wconf 85' lang='lat' dir='ltr'><strong>sagittam.</strong></span> <span class='ocrx_word' id='word_1_264' title='bbox 1772 4295 1983 4378; x_wconf 82' lang='lat' dir='ltr'><strong>Eques</strong></span> <span class='ocrx_word' id='word_1_265' title='bbox 2008 4294 2185 4360; x_wconf 82' lang='lat' dir='ltr'><strong>Chri-</strong></span> 
     </span>
     <span class='ocr_line' id='line_1_37' title="bbox 636 4402 2183 4489; baseline -0.002 -18"><span class='ocrx_word' id='word_1_266' title='bbox 636 4410 774 4479; x_wconf 81' lang='lat' dir='ltr'><strong>stus</strong></span> <span class='ocrx_word' id='word_1_267' title='bbox 800 4409 932 4483; x_wconf 85' lang='lat' dir='ltr'><strong>est,</strong></span> <span class='ocrx_word' id='word_1_268' title='bbox 970 4408 1159 4489; x_wconf 89' lang='lat' dir='ltr'><strong>cujus</strong></span> <span class='ocrx_word' id='word_1_269' title='bbox 1186 4422 1396 4488; x_wconf 90' lang='lat' dir='ltr'><strong>equus</strong></span> <span class='ocrx_word' id='word_1_270' title='bbox 1438 4407 1536 4470; x_wconf 87' lang='lat' dir='ltr'><strong>est</strong></span> <span class='ocrx_word' id='word_1_271' title='bbox 1562 4402 1840 4468; x_wconf 87' lang='lat' dir='ltr'><strong>Ecclesia</strong></span> <span class='ocrx_word' id='word_1_272' title='bbox 1861 4450 1878 4481; x_wconf 89' lang='lat'>‚</span> <span class='ocrx_word' id='word_1_273' title='bbox 1910 4405 2014 4468; x_wconf 88' lang='lat' dir='ltr'><strong>vel</strong></span> <span class='ocrx_word' id='word_1_274' title='bbox 2042 4402 2183 4487; x_wconf 90' lang='lat' dir='ltr'><strong>qui-</strong></span> 
     </span>
     <span class='ocr_line' id='line_1_38' title="bbox 635 4513 2178 4597; baseline 0 -18"><span class='ocrx_word' id='word_1_275' title='bbox 635 4515 794 4581; x_wconf 88' lang='lat' dir='ltr'><strong>libet</strong></span> <span class='ocrx_word' id='word_1_276' title='bbox 828 4514 1033 4580; x_wconf 84' lang='lat' dir='ltr'><strong>fldelis</strong></span> <span class='ocrx_word' id='word_1_277' title='bbox 1051 4562 1069 4592; x_wconf 84' lang='lat'>‚</span> <span class='ocrx_word' id='word_1_278' title='bbox 1099 4514 1215 4597; x_wconf 90' lang='lat' dir='ltr'><strong>qui</strong></span> <span class='ocrx_word' id='word_1_279' title='bbox 1260 4513 1673 4580; x_wconf 86' lang='lat' dir='ltr'><strong>tribulatione</strong></span> <span class='ocrx_word' id='word_1_280' title='bbox 1701 4516 1764 4578; x_wconf 89' lang='lat' dir='ltr'><strong>et</strong></span> <span class='ocrx_word' id='word_1_281' title='bbox 1789 4513 1998 4578; x_wconf 85' lang='lat' dir='ltr'><strong>carnis</strong></span> <span class='ocrx_word' id='word_1_282' title='bbox 2042 4531 2178 4579; x_wconf 85' lang='lat' dir='ltr'><strong>cas-</strong></span> 
     </span>
     <span class='ocr_line' id='line_1_39' title="bbox 636 4620 2183 4706; baseline 0 -19"><span class='ocrx_word' id='word_1_283' title='bbox 636 4622 950 4704; x_wconf 88' lang='lat' dir='ltr'><strong>tigatione</strong></span> <span class='ocrx_word' id='word_1_284' title='bbox 966 4670 985 4702; x_wconf 90' lang='lat'><strong>,</strong></span> <span class='ocrx_word' id='word_1_285' title='bbox 1015 4621 1200 4706; x_wconf 88' lang='lat' dir='ltr'><strong>quasi</strong></span> <span class='ocrx_word' id='word_1_286' title='bbox 1226 4620 1584 4686; x_wconf 82' lang='lat' dir='ltr'><strong>calcaribus</strong></span> <span class='ocrx_word' id='word_1_287' title='bbox 1628 4620 2063 4702; x_wconf 84' lang='lat' dir='ltr'><strong>stimulantur,</strong></span> <span class='ocrx_word' id='word_1_288' title='bbox 2108 4625 2183 4687; x_wconf 89' lang='lat' dir='ltr'><strong>ut</strong></span> 
     </span>
     <span class='ocr_line' id='line_1_40' title="bbox 636 4728 2185 4814; baseline -0.001 -19"><span class='ocrx_word' id='word_1_289' title='bbox 636 4746 846 4814; x_wconf 82' lang='lat' dir='ltr'><strong>equus</strong></span> <span class='ocrx_word' id='word_1_290' title='bbox 887 4728 970 4794; x_wconf 90' lang='lat' dir='ltr'><strong>ad</strong></span> <span class='ocrx_word' id='word_1_291' title='bbox 1011 4728 1399 4795; x_wconf 89' lang='lat' dir='ltr'><strong>currendum</strong></span> <span class='ocrx_word' id='word_1_292' title='bbox 1417 4777 1437 4808; x_wconf 92' lang='lat'>‚</span> <span class='ocrx_word' id='word_1_293' title='bbox 1481 4731 1546 4792; x_wconf 91' lang='lat' dir='ltr'><strong>et</strong></span> <span class='ocrx_word' id='word_1_294' title='bbox 1588 4728 2065 4810; x_wconf 85' lang='lat' dir='ltr'><strong>provocandum</strong></span> <span class='ocrx_word' id='word_1_295' title='bbox 2112 4728 2185 4793; x_wconf 91' lang='lat' dir='ltr'><strong>in</strong></span> 
     </span>
     <span class='ocr_line' id='line_1_41' title="bbox 638 4835 2184 4922; baseline -0.001 -19"><span class='ocrx_word' id='word_1_296' title='bbox 638 4853 931 4922; x_wconf 91' lang='lat' dir='ltr'><strong>pugnam</strong></span> <span class='ocrx_word' id='word_1_297' title='bbox 948 4836 971 4871; x_wconf 83' lang='lat'><strong>‘¹</strong></span> <span class='ocrx_word' id='word_1_298' title='bbox 996 4854 1012 4900; x_wconf 77' lang='lat' dir='ltr'><strong><em>z</em></strong></span> <span class='ocrx_word' id='word_1_299' title='bbox 1043 4858 1074 4897; x_wconf 77' lang='grc' dir='ltr'><strong>α</strong></span> <span class='ocrx_word' id='word_1_300' title='bbox 1099 4835 1241 4917; x_wconf 88' lang='lat' dir='ltr'><strong>Ego</strong></span> <span class='ocrx_word' id='word_1_301' title='bbox 1252 4840 1466 4901; x_wconf 90' lang='lat' dir='ltr'><strong>autem</strong></span> <span class='ocrx_word' id='word_1_302' title='bbox 1492 4835 1584 4900; x_wconf 91' lang='lat' dir='ltr'><strong>sic</strong></span> <span class='ocrx_word' id='word_1_303' title='bbox 1598 4853 1786 4900; x_wconf 89' lang='lat' dir='ltr'><strong>curro</strong></span> <span class='ocrx_word' id='word_1_304' title='bbox 1804 4883 1826 4915; x_wconf 91' lang='lat'>‚</span> <span class='ocrx_word' id='word_1_305' title='bbox 1851 4853 1984 4901; x_wconf 90' lang='lat' dir='ltr'><strong>non</strong></span> <span class='ocrx_word' id='word_1_306' title='bbox 2001 4835 2184 4919; x_wconf 89' lang='lat' dir='ltr'><strong>quasi</strong></span> 
     </span>
     <span class='ocr_line' id='line_1_42' title="bbox 642 4941 2183 5026; baseline -0.001 -17"><span class='ocrx_word' id='word_1_307' title='bbox 642 4946 713 5009; x_wconf 89' lang='lat' dir='ltr'><strong>in</strong></span> <span class='ocrx_word' id='word_1_308' title='bbox 750 4944 1070 5008; x_wconf 89' lang='lat' dir='ltr'><strong>incertum</strong></span> <span class='ocrx_word' id='word_1_309' title='bbox 1088 4990 1111 5023; x_wconf 92' lang='lat'><strong>,</strong></span> <span class='ocrx_word' id='word_1_310' title='bbox 1156 4942 1249 5007; x_wconf 89' lang='lat' dir='ltr'><strong>sic</strong></span> <span class='ocrx_word' id='word_1_311' title='bbox 1288 4959 1516 5026; x_wconf 88' lang='lat' dir='ltr'><strong>pugno</strong></span> <span class='ocrx_word' id='word_1_312' title='bbox 1559 4959 1692 5006; x_wconf 91' lang='lat' dir='ltr'><strong>non</strong></span> <span class='ocrx_word' id='word_1_313' title='bbox 1744 4941 1927 5024; x_wconf 86' lang='lat' dir='ltr'><strong>quasi</strong></span> <span class='ocrx_word' id='word_1_314' title='bbox 1968 4960 2183 5007; x_wconf 90' lang='lat' dir='ltr'><strong>aerem</strong></span> 
     </span>
     <span class='ocr_line' id='line_1_43' title="bbox 630 5049 2181 5133; baseline 0.003 -21"><span class='ocrx_word' id='word_1_315' title='bbox 630 5053 989 5119; x_wconf 79' lang='lat' dir='ltr'><strong>‚verberans</strong></span> <span class='ocrx_word' id='word_1_316' title='bbox 1006 5099 1025 5129; x_wconf 86' lang='lat'><strong>,</strong></span> <span class='ocrx_word' id='word_1_317' title='bbox 1054 5051 1166 5117; x_wconf 89' lang='lat' dir='ltr'><strong>sed</strong></span> <span class='ocrx_word' id='word_1_318' title='bbox 1192 5049 1432 5132; x_wconf 85' lang='lat' dir='ltr'><strong>castigo</strong></span> <span class='ocrx_word' id='word_1_319' title='bbox 1457 5067 1691 5133; x_wconf 88' lang='lat' dir='ltr'><strong>corpus</strong></span> <span class='ocrx_word' id='word_1_320' title='bbox 1718 5066 1937 5115; x_wconf 91' lang='lat' dir='ltr'><strong>meum</strong></span> <span class='ocrx_word' id='word_1_321' title='bbox 1954 5097 1976 5129; x_wconf 95' lang='lat'><strong>,</strong></span> <span class='ocrx_word' id='word_1_322' title='bbox 1997 5071 2030 5110; x_wconf 70' lang='lat' dir='ltr'>n</span> <span class='ocrx_word' id='word_1_323' title='bbox 2060 5055 2181 5117; x_wconf 90' lang='lat' dir='ltr'><strong>etc.</strong></span> 
     </span>
     <span class='ocr_line' id='line_1_44' title="bbox 643 5210 2188 5350; baseline 0 -13"><span class='ocrx_word' id='word_1_324' title='bbox 643 5213 1224 5350; x_wconf 54' lang='lat' dir='ltr'><strong>.}..¹.¹.“‚53‚&#39;²;z‚¹v÷.‘3·:</strong></span> <span class='ocrx_word' id='word_1_325' title='bbox 1243 5213 1272 5322; x_wconf 76' lang='grc' dir='ltr'>ἰ</span> <span class='ocrx_word' id='word_1_326' title='bbox 1291 5210 2102 5350; x_wconf 56' lang='grc' dir='ltr'><strong>3εῑῗ..ῖ.ζ,ἰ,”ῆ’ἕ·ἐῖ’ῑ.ἔ;.ῗ</strong></span> <span class='ocrx_word' id='word_1_327' title='bbox 2124 5240 2188 5337; x_wconf 61' lang='lat' dir='ltr'><strong>J.</strong></span> 
     </span>
     <span class='ocr_line' id='line_1_45' title="bbox 647 5356 2183 5420; baseline 0.003 -15"><span class='ocrx_word' id='word_1_328' title='bbox 647 5357 877 5407; x_wconf 75' lang='lat' dir='ltr'><strong>Convers.</strong></span> <span class='ocrx_word' id='word_1_329' title='bbox 905 5357 976 5408; x_wconf 80' lang='lat' dir='ltr'><strong>ad</strong></span> <span class='ocrx_word' id='word_1_330' title='bbox 1002 5357 1207 5420; x_wconf 68' lang='lat' dir='ltr'><strong>cleric„</strong></span> <span class='ocrx_word' id='word_1_331' title='bbox 1237 5371 1283 5408; x_wconf 90' lang='lat' dir='ltr'><strong>c.</strong></span> <span class='ocrx_word' id='word_1_332' title='bbox 1313 5367 1424 5420; x_wconf 69' lang='grc' dir='ltr'><strong><em>ιιι,</em></strong></span> <span class='ocrx_word' id='word_1_333' title='bbox 1449 5370 1505 5407; x_wconf 90' lang='lat' dir='ltr'><strong>n.</strong></span> <span class='ocrx_word' id='word_1_334' title='bbox 1531 5359 1611 5407; x_wconf 83' lang='lat'><strong>37.</strong></span> <span class='ocrx_word' id='word_1_335' title='bbox 1640 5382 1695 5393; x_wconf 91' lang='lat'><em>-</em></span> <span class='ocrx_word' id='word_1_336' title='bbox 1726 5357 1748 5392; x_wconf 85' lang='lat'><strong>“¹</strong></span> <span class='ocrx_word' id='word_1_337' title='bbox 1782 5356 1798 5406; x_wconf 93' lang='lat' dir='ltr'><strong>l</strong></span> <span class='ocrx_word' id='word_1_338' title='bbox 1833 5356 1970 5417; x_wconf 64' lang='lat' dir='ltr'><strong>Cor„</strong></span> <span class='ocrx_word' id='word_1_339' title='bbox 1998 5370 2077 5420; x_wconf 79' lang='lat' dir='ltr'><strong>ix,</strong></span> <span class='ocrx_word' id='word_1_340' title='bbox 2103 5361 2183 5409; x_wconf 82' lang='lat'><strong>26.</strong></span> 
     </span>
    </p>
   </div>
   <div class='ocr_carea' id='block_1_3' title="bbox 644 5427 2187 5565">
    <p class='ocr_par' dir='ltr' id='par_1_4' title="bbox 644 5427 2187 5565">
     <span class='ocr_line' id='line_1_46' title="bbox 644 5427 2184 5492; baseline 0 -13"><span class='ocrx_word' id='word_1_341' title='bbox 644 5455 708 5467; x_wconf 91' lang='lat'>—</span> <span class='ocrx_word' id='word_1_342' title='bbox 738 5427 760 5462; x_wconf 81' lang='lat'>⁸</span> <span class='ocrx_word' id='word_1_343' title='bbox 789 5427 929 5479; x_wconf 74' lang='lat' dir='ltr'><strong>Psal.</strong></span> <span class='ocrx_word' id='word_1_344' title='bbox 959 5441 1075 5492; x_wconf 78' lang='lat' dir='ltr'><strong>mn,</strong></span> <span class='ocrx_word' id='word_1_345' title='bbox 1098 5431 1147 5480; x_wconf 85' lang='lat'><strong>7.</strong></span> <span class='ocrx_word' id='word_1_346' title='bbox 1170 5455 1230 5467; x_wconf 91' lang='lat'>—</span> <span class='ocrx_word' id='word_1_347' title='bbox 1252 5431 1271 5460; x_wconf 81' lang='lat'><strong>⁹</strong></span> <span class='ocrx_word' id='word_1_348' title='bbox 1298 5429 1316 5480; x_wconf 87' lang='lat'>1</span> <span class='ocrx_word' id='word_1_349' title='bbox 1345 5429 1483 5491; x_wconf 64' lang='lat' dir='ltr'><strong>Rea„</strong></span> <span class='ocrx_word' id='word_1_350' title='bbox 1512 5439 1602 5486; x_wconf 81' lang='lat' dir='ltr'><strong>xx,</strong></span> <span class='ocrx_word' id='word_1_351' title='bbox 1630 5431 1709 5479; x_wconf 80' lang='lat'><strong>20.</strong></span> <span class='ocrx_word' id='word_1_352' title='bbox 1731 5451 1794 5464; x_wconf 88' lang='lat'><em>-</em></span> <span class='ocrx_word' id='word_1_353' title='bbox 1825 5429 1864 5464; x_wconf 81' lang='lat'><strong>¹⁰</strong></span> <span class='ocrx_word' id='word_1_354' title='bbox 1888 5428 2091 5492; x_wconf 67' lang='lat' dir='ltr'><strong>Ephes„</strong></span> <span class='ocrx_word' id='word_1_355' title='bbox 2112 5442 2184 5492; x_wconf 78' lang='lat' dir='ltr'><strong>vi,</strong></span> 
     </span>
     <span class='ocr_line' id='line_1_47' title="bbox 647 5498 2187 5565; baseline 0.001 -12"><span class='ocrx_word' id='word_1_356' title='bbox 647 5501 726 5553; x_wconf 88' lang='grc'><strong>16.</strong></span> <span class='ocrx_word' id='word_1_357' title='bbox 758 5527 821 5540; x_wconf 89' lang='grc'><strong>-</strong></span> <span class='ocrx_word' id='word_1_358' title='bbox 861 5501 898 5538; x_wconf 82' lang='lat'><strong>²¹</strong></span> <span class='ocrx_word' id='word_1_359' title='bbox 928 5503 1137 5565; x_wconf 64' lang='lat' dir='ltr'><strong>Jerem„</strong></span> <span class='ocrx_word' id='word_1_360' title='bbox 1169 5514 1252 5564; x_wconf 79' lang='lat'><strong>11,</strong></span> <span class='ocrx_word' id='word_1_361' title='bbox 1289 5502 1340 5553; x_wconf 88' lang='grc'><strong>8.</strong></span> <span class='ocrx_word' id='word_1_362' title='bbox 1371 5525 1434 5539; x_wconf 91' lang='grc'>-</span> <span class='ocrx_word' id='word_1_363' title='bbox 1472 5499 1514 5538; x_wconf 88' lang='lat'><strong>¹²</strong></span> <span class='ocrx_word' id='word_1_364' title='bbox 1547 5499 1642 5554; x_wconf 87' lang='lat' dir='ltr'><strong>Vel</strong></span> <span class='ocrx_word' id='word_1_365' title='bbox 1672 5498 1842 5565; x_wconf 85' lang='lat' dir='ltr'><strong>potius</strong></span> <span class='ocrx_word' id='word_1_366' title='bbox 1871 5500 2187 5554; x_wconf 78' lang='lat' dir='ltr'><strong>continuatio</strong></span> 
     </span>
    </p>
   </div>
   <div class='ocr_carea' id='block_1_4' title="bbox 1721 493 2717 565">
    <p class='ocr_par' dir='ltr' id='par_1_5' title="bbox 1721 493 2717 565">
     <span class='ocr_line' id='line_1_48' title="bbox 1721 493 2717 565; baseline 0.006 -6"><span class='ocrx_word' id='word_1_367' title='bbox 1721 493 2141 562; x_wconf 80' lang='lat' dir='ltr'><strong>SERMONES</strong></span> <span class='ocrx_word' id='word_1_368' title='bbox 2187 497 2286 564; x_wconf 85' lang='lat' dir='ltr'><strong>DE</strong></span> <span class='ocrx_word' id='word_1_369' title='bbox 2324 496 2717 565; x_wconf 82' lang='lat' dir='ltr'><strong>TEMPORE.</strong></span> 
     </span>
    </p>
   </div>
   <div class='ocr_carea' id='block_1_5' title="bbox 2276 633 3831 2872">
    <p class='ocr_par' dir='ltr' id='par_1_6' title="bbox 2276 633 3831 2872">
     <span class='ocr_line' id='line_1_49' title="bbox 2278 633 3820 721; baseline 0.003 -22"><span class='ocrx_word' id='word_1_370' title='bbox 2278 633 2719 718; x_wconf 82' lang='lat' dir='ltr'><strong>Oquotequos</strong></span> <span class='ocrx_word' id='word_1_371' title='bbox 2743 635 3034 702; x_wconf 83' lang='lat' dir='ltr'><strong>diabolus</strong></span> <span class='ocrx_word' id='word_1_372' title='bbox 3055 635 3412 704; x_wconf 73' lang='lat' dir='ltr'><strong>auserssleo</strong></span> <span class='ocrx_word' id='word_1_373' title='bbox 3438 644 3655 721; x_wconf 57' lang='lat' dir='ltr'><strong>saepe?</strong></span> <span class='ocrx_word' id='word_1_374' title='bbox 3679 637 3820 704; x_wconf 77' lang='lat' dir='ltr'><strong>Vox</strong></span> 
     </span>
     <span class='ocr_line' id='line_1_50' title="bbox 2276 740 3820 828; baseline 0.002 -20"><span class='ocrx_word' id='word_1_375' title='bbox 2276 740 2798 824; x_wconf 72' lang='lat' dir='ltr'><strong>estpraedioetio,</strong></span> <span class='ocrx_word' id='word_1_376' title='bbox 2827 761 3025 827; x_wconf 89' lang='lat' dir='ltr'><strong>quam</strong></span> <span class='ocrx_word' id='word_1_377' title='bbox 3063 742 3352 810; x_wconf 86' lang='lat' dir='ltr'><strong>Christus</strong></span> <span class='ocrx_word' id='word_1_378' title='bbox 3395 763 3512 828; x_wconf 90' lang='lat' dir='ltr'><strong>per</strong></span> <span class='ocrx_word' id='word_1_379' title='bbox 3557 763 3670 825; x_wconf 87' lang='lat' dir='ltr'><strong>se,</strong></span> <span class='ocrx_word' id='word_1_380' title='bbox 3716 746 3820 812; x_wconf 83' lang='lat' dir='ltr'><strong>vel</strong></span> 
     </span>
     <span class='ocr_line' id='line_1_51' title="bbox 2276 848 3820 932; baseline 0.005 -20"><span class='ocrx_word' id='word_1_381' title='bbox 2276 865 2393 932; x_wconf 92' lang='lat' dir='ltr'><strong>per</strong></span> <span class='ocrx_word' id='word_1_382' title='bbox 2435 848 2877 931; x_wconf 61' lang='lat' dir='ltr'><strong>praedicatores</strong></span> <span class='ocrx_word' id='word_1_383' title='bbox 2915 851 3190 931; x_wconf 88' lang='lat' dir='ltr'><strong>emittit;</strong></span> <span class='ocrx_word' id='word_1_384' title='bbox 3234 851 3572 918; x_wconf 81' lang='lat' dir='ltr'><strong>Psalmista</strong></span> <span class='ocrx_word' id='word_1_385' title='bbox 3594 851 3619 889; x_wconf 84' lang='lat'>⁸</span> <span class='ocrx_word' id='word_1_386' title='bbox 3652 874 3669 917; x_wconf 73' lang='grc' dir='ltr'><strong>ε</strong></span> <span class='ocrx_word' id='word_1_387' title='bbox 3710 876 3743 914; x_wconf 72' lang='grc' dir='ltr'><strong><em>α</em></strong></span> <span class='ocrx_word' id='word_1_388' title='bbox 3763 853 3820 919; x_wconf 78' lang='lat' dir='ltr'>A</span> 
     </span>
     <span class='ocr_line' id='line_1_52' title="bbox 2276 951 3819 1041; baseline 0.004 -21"><span class='ocrx_word' id='word_1_389' title='bbox 2276 973 2434 1020; x_wconf 86' lang='lat' dir='ltr'><strong>voce</strong></span> <span class='ocrx_word' id='word_1_390' title='bbox 2459 951 2724 1021; x_wconf 86' lang='lat' dir='ltr'><strong>tonitrui</strong></span> <span class='ocrx_word' id='word_1_391' title='bbox 2752 957 2850 1022; x_wconf 88' lang='lat' dir='ltr'><strong>tui</strong></span> <span class='ocrx_word' id='word_1_392' title='bbox 2877 957 3332 1024; x_wconf 78' lang='lat' dir='ltr'><strong>formidabunt.</strong></span> <span class='ocrx_word' id='word_1_393' title='bbox 3360 981 3394 1020; x_wconf 72' lang='lat' dir='ltr'>n</span> <span class='ocrx_word' id='word_1_394' title='bbox 3425 957 3680 1041; x_wconf 81' lang='lat' dir='ltr'><strong>Sagitta</strong></span> <span class='ocrx_word' id='word_1_395' title='bbox 3702 978 3819 1025; x_wconf 87' lang='lat' dir='ltr'><strong>au-</strong></span> 
     </span>
     <span class='ocr_line' id='line_1_53' title="bbox 2277 1062 3820 1148; baseline 0.003 -20"><span class='ocrx_word' id='word_1_396' title='bbox 2277 1066 2409 1128; x_wconf 89' lang='lat' dir='ltr'><strong>tem</strong></span> <span class='ocrx_word' id='word_1_397' title='bbox 2447 1066 2544 1128; x_wconf 93' lang='lat' dir='ltr'><strong>est</strong></span> <span class='ocrx_word' id='word_1_398' title='bbox 2585 1063 2922 1130; x_wconf 87' lang='lat' dir='ltr'><strong>instinctus</strong></span> <span class='ocrx_word' id='word_1_399' title='bbox 2960 1062 3237 1148; x_wconf 82' lang='lat' dir='ltr'><strong>Spiritus</strong></span> <span class='ocrx_word' id='word_1_400' title='bbox 3278 1067 3504 1132; x_wconf 86' lang='lat' dir='ltr'><strong>sancti.</strong></span> <span class='ocrx_word' id='word_1_401' title='bbox 3558 1067 3820 1132; x_wconf 86' lang='lat' dir='ltr'><strong>Frustra</strong></span> 
     </span>
     <span class='ocr_line' id='line_1_54' title="bbox 2278 1172 3821 1259; baseline 0.001 -21"><span class='ocrx_word' id='word_1_402' title='bbox 2278 1172 2453 1238; x_wconf 92' lang='lat' dir='ltr'><strong>enim</strong></span> <span class='ocrx_word' id='word_1_403' title='bbox 2479 1191 2610 1239; x_wconf 84' lang='lat' dir='ltr'><strong>vox</strong></span> <span class='ocrx_word' id='word_1_404' title='bbox 2636 1173 2942 1239; x_wconf 81' lang='lat' dir='ltr'><strong>doctrinae</strong></span> <span class='ocrx_word' id='word_1_405' title='bbox 2968 1177 3147 1240; x_wconf 82' lang='lat' dir='ltr'><strong>extra</strong></span> <span class='ocrx_word' id='word_1_406' title='bbox 3171 1178 3443 1241; x_wconf 84' lang='lat' dir='ltr'><strong>terreret</strong></span> <span class='ocrx_word' id='word_1_407' title='bbox 3463 1224 3484 1256; x_wconf 88' lang='lat'><strong>,</strong></span> <span class='ocrx_word' id='word_1_408' title='bbox 3516 1175 3646 1239; x_wconf 87' lang='lat' dir='ltr'><strong>nisi</strong></span> <span class='ocrx_word' id='word_1_409' title='bbox 3673 1173 3821 1259; x_wconf 90' lang='lat' dir='ltr'><strong>Spi-</strong></span> 
     </span>
     <span class='ocr_line' id='line_1_55' title="bbox 2277 1280 3822 1348; baseline 0.003 -4"><span class='ocrx_word' id='word_1_410' title='bbox 2277 1280 2442 1348; x_wconf 89' lang='lat' dir='ltr'><strong>ritus</strong></span> <span class='ocrx_word' id='word_1_411' title='bbox 2466 1284 2723 1345; x_wconf 89' lang='lat' dir='ltr'><strong>sanctus</strong></span> <span class='ocrx_word' id='word_1_412' title='bbox 2749 1280 2930 1346; x_wconf 88' lang='lat' dir='ltr'><strong>intus</strong></span> <span class='ocrx_word' id='word_1_413' title='bbox 2955 1281 3156 1348; x_wconf 91' lang='lat' dir='ltr'><strong>corin</strong></span> <span class='ocrx_word' id='word_1_414' title='bbox 3173 1281 3559 1347; x_wconf 89' lang='lat' dir='ltr'><strong>contritione</strong></span> <span class='ocrx_word' id='word_1_415' title='bbox 3583 1282 3670 1347; x_wconf 85' lang='lat' dir='ltr'><strong>ad</strong></span> <span class='ocrx_word' id='word_1_416' title='bbox 3693 1301 3822 1348; x_wconf 92' lang='lat' dir='ltr'><strong>mo·</strong></span> 
     </span>
     <span class='ocr_line' id='line_1_56' title="bbox 2280 1382 3823 1472; baseline 0.001 -19"><span class='ocrx_word' id='word_1_417' title='bbox 2280 1388 2437 1453; x_wconf 90' lang='lat' dir='ltr'><strong>dum</strong></span> <span class='ocrx_word' id='word_1_418' title='bbox 2455 1387 2712 1470; x_wconf 81' lang='lat' dir='ltr'><strong>sagittae</strong></span> <span class='ocrx_word' id='word_1_419' title='bbox 2728 1387 3121 1454; x_wconf 86' lang='lat' dir='ltr'><strong>vulneraret.</strong></span> <span class='ocrx_word' id='word_1_420' title='bbox 3145 1382 3400 1454; x_wconf 90' lang='lat' dir='ltr'><strong>Utinam</strong></span> <span class='ocrx_word' id='word_1_421' title='bbox 3427 1389 3571 1454; x_wconf 81' lang='lat' dir='ltr'><strong>haec</strong></span> <span class='ocrx_word' id='word_1_422' title='bbox 3590 1390 3823 1472; x_wconf 88' lang='lat' dir='ltr'><strong>sagitta</strong></span> 
     </span>
     <span class='ocr_line' id='line_1_57' title="bbox 2277 1496 3824 1580; baseline 0.002 -19"><span class='ocrx_word' id='word_1_423' title='bbox 2277 1514 2617 1580; x_wconf 90' lang='lat' dir='ltr'><strong>nunquam</strong></span> <span class='ocrx_word' id='word_1_424' title='bbox 2660 1500 2843 1561; x_wconf 85' lang='lat' dir='ltr'><strong>exeat</strong></span> <span class='ocrx_word' id='word_1_425' title='bbox 2886 1496 2966 1563; x_wconf 92' lang='lat' dir='ltr'><strong>de</strong></span> <span class='ocrx_word' id='word_1_426' title='bbox 3017 1496 3313 1562; x_wconf 88' lang='lat' dir='ltr'><strong>cordibus</strong></span> <span class='ocrx_word' id='word_1_427' title='bbox 3359 1497 3621 1562; x_wconf 80' lang='lat' dir='ltr'><strong>nostris.</strong></span> <span class='ocrx_word' id='word_1_428' title='bbox 3674 1496 3824 1564; x_wconf 80' lang='lat' dir='ltr'><strong>Tres</strong></span> 
     </span>
     <span class='ocr_line' id='line_1_58' title="bbox 2278 1604 3824 1689; baseline 0.003 -22"><span class='ocrx_word' id='word_1_429' title='bbox 2278 1607 2428 1670; x_wconf 90' lang='lat' dir='ltr'><strong>sunt</strong></span> <span class='ocrx_word' id='word_1_430' title='bbox 2452 1606 2668 1670; x_wconf 87' lang='lat' dir='ltr'><strong>autem</strong></span> <span class='ocrx_word' id='word_1_431' title='bbox 2692 1604 3053 1688; x_wconf 84' lang='lat' dir='ltr'><strong>spirituales</strong></span> <span class='ocrx_word' id='word_1_432' title='bbox 3071 1606 3326 1687; x_wconf 83' lang='lat' dir='ltr'><strong>sagittae</strong></span> <span class='ocrx_word' id='word_1_433' title='bbox 3342 1655 3365 1685; x_wconf 92' lang='lat'><strong>,</strong></span> <span class='ocrx_word' id='word_1_434' title='bbox 3387 1623 3552 1689; x_wconf 88' lang='lat' dir='ltr'><strong>quas</strong></span> <span class='ocrx_word' id='word_1_435' title='bbox 3572 1606 3824 1673; x_wconf 86' lang='lat' dir='ltr'><strong>mittere</strong></span> 
     </span>
     <span class='ocr_line' id='line_1_59' title="bbox 2279 1709 3822 1793; baseline 0.004 -20"><span class='ocrx_word' id='word_1_436' title='bbox 2279 1709 2437 1774; x_wconf 89' lang='lat' dir='ltr'><strong>solet</strong></span> <span class='ocrx_word' id='word_1_437' title='bbox 2479 1710 2798 1791; x_wconf 89' lang='lat' dir='ltr'><strong>Christus,</strong></span> <span class='ocrx_word' id='word_1_438' title='bbox 2853 1710 3148 1778; x_wconf 85' lang='lat' dir='ltr'><strong>videlicet</strong></span> <span class='ocrx_word' id='word_1_439' title='bbox 3189 1712 3473 1793; x_wconf 86' lang='lat' dir='ltr'><strong>timoris,</strong></span> <span class='ocrx_word' id='word_1_440' title='bbox 3536 1712 3781 1779; x_wconf 88' lang='lat' dir='ltr'><strong>doloris</strong></span> <span class='ocrx_word' id='word_1_441' title='bbox 3800 1761 3822 1793; x_wconf 92' lang='lat'><strong>,</strong></span> 
     </span>
     <span class='ocr_line' id='line_1_60' title="bbox 2279 1816 3825 1904; baseline 0.003 -22"><span class='ocrx_word' id='word_1_442' title='bbox 2279 1817 2538 1882; x_wconf 89' lang='lat' dir='ltr'><strong>amoris.</strong></span> <span class='ocrx_word' id='word_1_443' title='bbox 2564 1816 2781 1883; x_wconf 89' lang='lat' dir='ltr'><strong>Timor</strong></span> <span class='ocrx_word' id='word_1_444' title='bbox 2809 1837 3087 1902; x_wconf 60' lang='lat' dir='ltr'><strong>pinnam,</strong></span> <span class='ocrx_word' id='word_1_445' title='bbox 3118 1819 3301 1886; x_wconf 89' lang='lat' dir='ltr'><strong>dolor</strong></span> <span class='ocrx_word' id='word_1_446' title='bbox 3327 1820 3613 1904; x_wconf 84' lang='lat' dir='ltr'><strong>culpam,</strong></span> <span class='ocrx_word' id='word_1_447' title='bbox 3645 1840 3825 1887; x_wconf 88' lang='lat' dir='ltr'><strong>amor</strong></span> 
     </span>
     <span class='ocr_line' id='line_1_61' title="bbox 2283 1924 3828 2013; baseline 0.005 -24"><span class='ocrx_word' id='word_1_448' title='bbox 2283 1924 2561 2007; x_wconf 88' lang='lat' dir='ltr'><strong>gloriam</strong></span> <span class='ocrx_word' id='word_1_449' title='bbox 2588 1925 2865 2009; x_wconf 87' lang='lat' dir='ltr'><strong>respicit.</strong></span> <span class='ocrx_word' id='word_1_450' title='bbox 2900 1927 2986 1992; x_wconf 88' lang='lat' dir='ltr'><strong>De</strong></span> <span class='ocrx_word' id='word_1_451' title='bbox 3020 1928 3125 1993; x_wconf 88' lang='lat' dir='ltr'><strong>his</strong></span> <span class='ocrx_word' id='word_1_452' title='bbox 3170 1931 3377 2011; x_wconf 88' lang='lat' dir='ltr'><strong>potest</strong></span> <span class='ocrx_word' id='word_1_453' title='bbox 3415 1930 3622 2012; x_wconf 89' lang='lat' dir='ltr'><strong>accipi</strong></span> <span class='ocrx_word' id='word_1_454' title='bbox 3656 1929 3828 2013; x_wconf 85' lang='lat' dir='ltr'><strong>quod</strong></span> 
     </span>
     <span class='ocr_line' id='line_1_62' title="bbox 2280 2032 3823 2118; baseline 0.001 -20"><span class='ocrx_word' id='word_1_455' title='bbox 2280 2034 2373 2099; x_wconf 92' lang='lat' dir='ltr'><strong>ait</strong></span> <span class='ocrx_word' id='word_1_456' title='bbox 2421 2032 2726 2100; x_wconf 75' lang='lat' dir='ltr'><strong>Ionathas</strong></span> <span class='ocrx_word' id='word_1_457' title='bbox 2746 2083 2764 2115; x_wconf 91' lang='lat'>‚</span> <span class='ocrx_word' id='word_1_458' title='bbox 2823 2035 2937 2118; x_wconf 91' lang='lat' dir='ltr'><strong>qui</strong></span> <span class='ocrx_word' id='word_1_459' title='bbox 2992 2034 3318 2101; x_wconf 85' lang='lat' dir='ltr'><strong>Christum</strong></span> <span class='ocrx_word' id='word_1_460' title='bbox 3370 2035 3698 2118; x_wconf 82' lang='lat' dir='ltr'><strong>significat</strong></span> <span class='ocrx_word' id='word_1_461' title='bbox 3743 2038 3766 2072; x_wconf 77' lang='lat'><strong>⁹</strong></span> <span class='ocrx_word' id='word_1_462' title='bbox 3806 2056 3823 2099; x_wconf 76' lang='lat' dir='ltr'>z</span> 
     </span>
     <span class='ocr_line' id='line_1_63' title="bbox 2284 2141 3824 2227; baseline 0.005 -23"><span class='ocrx_word' id='word_1_463' title='bbox 2284 2141 2488 2207; x_wconf 72' lang='lat' dir='ltr'><strong>«Tres</strong></span> <span class='ocrx_word' id='word_1_464' title='bbox 2500 2160 2658 2225; x_wconf 92' lang='lat' dir='ltr'><strong>ergo</strong></span> <span class='ocrx_word' id='word_1_465' title='bbox 2672 2143 2937 2225; x_wconf 83' lang='lat' dir='ltr'><strong>sagittas</strong></span> <span class='ocrx_word' id='word_1_466' title='bbox 2955 2164 2987 2204; x_wconf 76' lang='lat' dir='ltr'><strong>n</strong></span> <span class='ocrx_word' id='word_1_467' title='bbox 3009 2144 3237 2226; x_wconf 89' lang='lat' dir='ltr'><strong>igneas</strong></span> <span class='ocrx_word' id='word_1_468' title='bbox 3258 2166 3290 2206; x_wconf 77' lang='grc' dir='ltr'>α</span> <span class='ocrx_word' id='word_1_469' title='bbox 3310 2144 3592 2209; x_wconf 88' lang='lat' dir='ltr'><strong>mittam.</strong></span> <span class='ocrx_word' id='word_1_470' title='bbox 3619 2165 3652 2205; x_wconf 73' lang='grc' dir='ltr'><strong>ι</strong></span> <span class='ocrx_word' id='word_1_471' title='bbox 3681 2145 3824 2227; x_wconf 91' lang='lat' dir='ltr'><strong>Sed,</strong></span> 
     </span>
     <span class='ocr_line' id='line_1_64' title="bbox 2280 2250 3830 2334; baseline 0.002 -19"><span class='ocrx_word' id='word_1_472' title='bbox 2280 2251 2446 2315; x_wconf 75' lang='lat' dir='ltr'><strong>heu!</strong></span> <span class='ocrx_word' id='word_1_473' title='bbox 2483 2254 2704 2315; x_wconf 87' lang='lat' dir='ltr'><strong>eontra</strong></span> <span class='ocrx_word' id='word_1_474' title='bbox 2739 2251 2966 2332; x_wconf 90' lang='lat' dir='ltr'><strong>igneas</strong></span> <span class='ocrx_word' id='word_1_475' title='bbox 3006 2252 3276 2332; x_wconf 87' lang='lat' dir='ltr'><strong>sagittas</strong></span> <span class='ocrx_word' id='word_1_476' title='bbox 3313 2250 3594 2334; x_wconf 86' lang='lat' dir='ltr'><strong>Spiritus</strong></span> <span class='ocrx_word' id='word_1_477' title='bbox 3633 2255 3830 2318; x_wconf 86' lang='lat' dir='ltr'><strong>sancti</strong></span> 
     </span>
     <span class='ocr_line' id='line_1_65' title="bbox 2282 2357 3828 2441; baseline 0.003 -19"><span class='ocrx_word' id='word_1_478' title='bbox 2282 2361 2432 2423; x_wconf 87' lang='lat' dir='ltr'><strong>sunt</strong></span> <span class='ocrx_word' id='word_1_479' title='bbox 2459 2358 2674 2440; x_wconf 71' lang='lat' dir='ltr'><strong>igneae</strong></span> <span class='ocrx_word' id='word_1_480' title='bbox 2704 2357 2958 2441; x_wconf 80' lang='lat' dir='ltr'><strong>sagittae</strong></span> <span class='ocrx_word' id='word_1_481' title='bbox 2991 2358 3254 2441; x_wconf 87' lang='lat' dir='ltr'><strong>spiritus</strong></span> <span class='ocrx_word' id='word_1_482' title='bbox 3280 2359 3558 2441; x_wconf 81' lang='lat' dir='ltr'><strong>maligni</strong></span> <span class='ocrx_word' id='word_1_483' title='bbox 3590 2359 3639 2401; x_wconf 81' lang='lat'><strong>¹⁰</strong></span> <span class='ocrx_word' id='word_1_484' title='bbox 3667 2382 3734 2424; x_wconf 69' lang='grc' dir='ltr'><strong>ια</strong></span> <span class='ocrx_word' id='word_1_485' title='bbox 3759 2360 3828 2426; x_wconf 89' lang='lat' dir='ltr'><strong>In</strong></span> 
     </span>
     <span class='ocr_line' id='line_1_66' title="bbox 2281 2465 3831 2550; baseline 0.003 -21"><span class='ocrx_word' id='word_1_486' title='bbox 2281 2465 2581 2530; x_wconf 90' lang='lat' dir='ltr'><strong>omnibus</strong></span> <span class='ocrx_word' id='word_1_487' title='bbox 2605 2468 2931 2530; x_wconf 81' lang='lat' dir='ltr'><strong>sumentes</strong></span> <span class='ocrx_word' id='word_1_488' title='bbox 2957 2469 3214 2530; x_wconf 87' lang='lat' dir='ltr'><strong>scutum</strong></span> <span class='ocrx_word' id='word_1_489' title='bbox 3237 2466 3414 2544; x_wconf 84' lang='lat' dir='ltr'><strong>fidei,</strong></span> <span class='ocrx_word' id='word_1_490' title='bbox 3440 2467 3511 2531; x_wconf 92' lang='lat' dir='ltr'><strong>in</strong></span> <span class='ocrx_word' id='word_1_491' title='bbox 3534 2485 3673 2550; x_wconf 88' lang='lat' dir='ltr'><strong>quo</strong></span> <span class='ocrx_word' id='word_1_492' title='bbox 3695 2485 3831 2550; x_wconf 85' lang='lat' dir='ltr'><strong>pos-</strong></span> 
     </span>
     <span class='ocr_line' id='line_1_67' title="bbox 2283 2571 3829 2657; baseline 0.003 -21"><span class='ocrx_word' id='word_1_493' title='bbox 2283 2572 2421 2636; x_wconf 89' lang='lat' dir='ltr'><strong>sitis</strong></span> <span class='ocrx_word' id='word_1_494' title='bbox 2446 2572 2665 2637; x_wconf 90' lang='lat' dir='ltr'><strong>omnia</strong></span> <span class='ocrx_word' id='word_1_495' title='bbox 2690 2571 2816 2636; x_wconf 89' lang='lat' dir='ltr'><strong>tela</strong></span> <span class='ocrx_word' id='word_1_496' title='bbox 2845 2572 3227 2656; x_wconf 86' lang='lat' dir='ltr'><strong>nequissimi</strong></span> <span class='ocrx_word' id='word_1_497' title='bbox 3259 2572 3458 2656; x_wconf 89' lang='lat' dir='ltr'><strong>ignea</strong></span> <span class='ocrx_word' id='word_1_498' title='bbox 3484 2574 3829 2657; x_wconf 86' lang='lat' dir='ltr'><strong>extingue·</strong></span> 
     </span>
     <span class='ocr_line' id='line_1_68' title="bbox 2283 2679 3829 2766; baseline 0.003 -22"><span class='ocrx_word' id='word_1_499' title='bbox 2283 2697 2355 2744; x_wconf 90' lang='lat' dir='ltr'><strong>re</strong></span> <span class='ocrx_word' id='word_1_500' title='bbox 2398 2680 2508 2763; x_wconf 84' lang='lat' dir='ltr'><strong>(a).</strong></span> <span class='ocrx_word' id='word_1_501' title='bbox 2551 2700 2583 2740; x_wconf 71' lang='lat' dir='ltr'><strong>n</strong></span> <span class='ocrx_word' id='word_1_502' title='bbox 2622 2679 2871 2762; x_wconf 88' lang='lat' dir='ltr'><strong>Sagitta</strong></span> <span class='ocrx_word' id='word_1_503' title='bbox 2903 2680 3078 2746; x_wconf 89' lang='lat' dir='ltr'><strong>enim</strong></span> <span class='ocrx_word' id='word_1_504' title='bbox 3119 2680 3353 2746; x_wconf 88' lang='lat' dir='ltr'><strong>diaboli</strong></span> <span class='ocrx_word' id='word_1_505' title='bbox 3388 2681 3562 2747; x_wconf 87' lang='lat' dir='ltr'><strong>mala</strong></span> <span class='ocrx_word' id='word_1_506' title='bbox 3595 2683 3829 2766; x_wconf 85' lang='lat' dir='ltr'><strong>lingua</strong></span> 
     </span>
     <span class='ocr_line' id='line_1_69' title="bbox 2285 2785 3821 2872; baseline -0.001 -19"><span class='ocrx_word' id='word_1_507' title='bbox 2285 2791 2380 2854; x_wconf 89' lang='lat' dir='ltr'><strong>est</strong></span> <span class='ocrx_word' id='word_1_508' title='bbox 2405 2785 2448 2823; x_wconf 81' lang='lat'><strong>²¹</strong></span> <span class='ocrx_word' id='word_1_509' title='bbox 2481 2809 2499 2853; x_wconf 73' lang='grc' dir='ltr'>ε</span> <span class='ocrx_word' id='word_1_510' title='bbox 2537 2809 2570 2848; x_wconf 73' lang='lat' dir='ltr'><strong>c</strong></span> <span class='ocrx_word' id='word_1_511' title='bbox 2594 2785 2845 2869; x_wconf 85' lang='lat' dir='ltr'><strong>Sagitta</strong></span> <span class='ocrx_word' id='word_1_512' title='bbox 2869 2786 3217 2853; x_wconf 86' lang='lat' dir='ltr'><strong>vulnerans</strong></span> <span class='ocrx_word' id='word_1_513' title='bbox 3242 2787 3476 2872; x_wconf 88' lang='lat' dir='ltr'><strong>lingua</strong></span> <span class='ocrx_word' id='word_1_514' title='bbox 3507 2807 3762 2857; x_wconf 90' lang='lat' dir='ltr'><strong>eorum.</strong></span> <span class='ocrx_word' id='word_1_515' title='bbox 3790 2813 3821 2852; x_wconf 69' lang='lat' dir='ltr'>n</span> 
     </span>
    </p>
   </div>
   <div class='ocr_carea' id='block_1_6' title="bbox 2763 2964 3349 3038">
    <p class='ocr_par' dir='ltr' id='par_1_7' title="bbox 2763 2964 3349 3038">
     <span class='ocr_line' id='line_1_70' title="bbox 2763 2964 3349 3038; baseline 0.005 -3"><span class='ocrx_word' id='word_1_516' title='bbox 2763 2964 3052 3036; x_wconf 89' lang='lat' dir='ltr'><strong>SERMO</strong></span> <span class='ocrx_word' id='word_1_517' title='bbox 3101 2966 3256 3038; x_wconf 90' lang='lat' dir='ltr'>VIII</span> <span class='ocrx_word' id='word_1_518' title='bbox 3281 2968 3349 3037; x_wconf 77' lang='lat'><strong>¹².</strong></span> 
     </span>
    </p>
   </div>
   <div class='ocr_carea' id='block_1_7' title="bbox 2285 3109 3829 5572">
    <p class='ocr_par' dir='ltr' id='par_1_8' title="bbox 2285 3109 3828 3519">
     <span class='ocr_line' id='line_1_71' title="bbox 2367 3109 3828 3196; baseline 0.004 -21"><span class='ocrx_word' id='word_1_519' title='bbox 2367 3109 2734 3178; x_wconf 80' lang='lat' dir='ltr'><strong>Paraclitus</strong></span> <span class='ocrx_word' id='word_1_520' title='bbox 2759 3113 2972 3178; x_wconf 78' lang='lat' dir='ltr'><strong>autem</strong></span> <span class='ocrx_word' id='word_1_521' title='bbox 3000 3110 3288 3194; x_wconf 72' lang='lat' dir='ltr'><strong>spiritus</strong></span> <span class='ocrx_word' id='word_1_522' title='bbox 3312 3117 3580 3181; x_wconf 71' lang='lat' dir='ltr'><strong>sanctus</strong></span> <span class='ocrx_word' id='word_1_523' title='bbox 3596 3161 3618 3195; x_wconf 91' lang='lat'><strong>,</strong></span> <span class='ocrx_word' id='word_1_524' title='bbox 3651 3130 3828 3196; x_wconf 79' lang='lat' dir='ltr'><strong>quem</strong></span> 
     </span>
     <span class='ocr_line' id='line_1_72' title="bbox 2287 3219 3828 3300; baseline 0.001 -13"><span class='ocrx_word' id='word_1_525' title='bbox 2287 3221 2495 3287; x_wconf 78' lang='lat' dir='ltr'><strong>mittet</strong></span> <span class='ocrx_word' id='word_1_526' title='bbox 2520 3219 2711 3287; x_wconf 81' lang='lat' dir='ltr'><strong>Pater</strong></span> <span class='ocrx_word' id='word_1_527' title='bbox 2731 3220 2807 3286; x_wconf 81' lang='lat' dir='ltr'><strong>in</strong></span> <span class='ocrx_word' id='word_1_528' title='bbox 2831 3222 3086 3287; x_wconf 79' lang='lat' dir='ltr'><strong>nomine</strong></span> <span class='ocrx_word' id='word_1_529' title='bbox 3103 3237 3236 3288; x_wconf 83' lang='lat' dir='ltr'><strong>meo</strong></span> <span class='ocrx_word' id='word_1_530' title='bbox 3255 3222 3321 3286; x_wconf 80' lang='lat'><strong>¹⁸.</strong></span> <span class='ocrx_word' id='word_1_531' title='bbox 3345 3221 3529 3300; x_wconf 89' lang='lat' dir='ltr'><strong>Quod</strong></span> <span class='ocrx_word' id='word_1_532' title='bbox 3545 3222 3742 3288; x_wconf 86' lang='lat' dir='ltr'><strong>hodie</strong></span> <span class='ocrx_word' id='word_1_533' title='bbox 3754 3223 3828 3288; x_wconf 84' lang='lat' dir='ltr'><strong>ds</strong></span> 
     </span>
     <span class='ocr_line' id='line_1_73' title="bbox 2287 3327 3826 3411; baseline 0.001 -19"><span class='ocrx_word' id='word_1_534' title='bbox 2287 3327 2474 3392; x_wconf 87' lang='lat' dir='ltr'><strong>tertio</strong></span> <span class='ocrx_word' id='word_1_535' title='bbox 2502 3330 2567 3391; x_wconf 91' lang='lat' dir='ltr'><strong>et</strong></span> <span class='ocrx_word' id='word_1_536' title='bbox 2608 3333 2838 3410; x_wconf 87' lang='lat' dir='ltr'><strong>quarto</strong></span> <span class='ocrx_word' id='word_1_537' title='bbox 2877 3327 3171 3393; x_wconf 89' lang='lat' dir='ltr'><strong>membro</strong></span> <span class='ocrx_word' id='word_1_538' title='bbox 3201 3328 3568 3396; x_wconf 89' lang='lat' dir='ltr'><strong>dimisimus</strong></span> <span class='ocrx_word' id='word_1_539' title='bbox 3590 3378 3612 3411; x_wconf 89' lang='lat'><strong>,</strong></span> <span class='ocrx_word' id='word_1_540' title='bbox 3655 3347 3826 3396; x_wconf 89' lang='lat' dir='ltr'><strong>com-</strong></span> 
     </span>
     <span class='ocr_line' id='line_1_74' title="bbox 2285 3435 2597 3519; baseline 0.003 -20"><span class='ocrx_word' id='word_1_541' title='bbox 2285 3435 2597 3519; x_wconf 81' lang='lat' dir='ltr'><strong>pleamuS.</strong></span> 
     </span>
    </p>

    <p class='ocr_par' dir='ltr' id='par_1_9' title="bbox 2286 3542 3829 5471">
     <span class='ocr_line' id='line_1_75' title="bbox 2368 3542 3826 3627; baseline 0.002 -18"><span class='ocrx_word' id='word_1_542' title='bbox 2368 3543 2456 3609; x_wconf 88' lang='lat' dir='ltr'><strong>De</strong></span> <span class='ocrx_word' id='word_1_543' title='bbox 2487 3542 2670 3609; x_wconf 88' lang='lat' dir='ltr'><strong>tertio</strong></span> <span class='ocrx_word' id='word_1_544' title='bbox 2701 3543 2747 3580; x_wconf 77' lang='lat'><strong>¹⁸</strong></span> <span class='ocrx_word' id='word_1_545' title='bbox 2779 3564 2795 3608; x_wconf 71' lang='grc' dir='ltr'>ε</span> <span class='ocrx_word' id='word_1_546' title='bbox 2828 3566 2860 3606; x_wconf 74' lang='grc' dir='ltr'>ι</span> <span class='ocrx_word' id='word_1_547' title='bbox 2886 3543 3112 3627; x_wconf 88' lang='lat' dir='ltr'><strong>Ignem</strong></span> <span class='ocrx_word' id='word_1_548' title='bbox 3139 3545 3291 3610; x_wconf 82' lang='lat' dir='ltr'><strong>veni</strong></span> <span class='ocrx_word' id='word_1_549' title='bbox 3317 3545 3576 3611; x_wconf 88' lang='lat' dir='ltr'><strong>mittere</strong></span> <span class='ocrx_word' id='word_1_550' title='bbox 3601 3546 3677 3612; x_wconf 91' lang='lat' dir='ltr'><strong>in</strong></span> <span class='ocrx_word' id='word_1_551' title='bbox 3702 3549 3826 3612; x_wconf 87' lang='lat' dir='ltr'><strong>ter·</strong></span> 
     </span>
     <span class='ocr_line' id='line_1_76' title="bbox 2286 3650 3825 3738; baseline 0.001 -20"><span class='ocrx_word' id='word_1_552' title='bbox 2286 3670 2456 3731; x_wconf 89' lang='lat' dir='ltr'><strong>ram,</strong></span> <span class='ocrx_word' id='word_1_553' title='bbox 2488 3673 2521 3712; x_wconf 71' lang='lat' dir='ltr'>n</span> <span class='ocrx_word' id='word_1_554' title='bbox 2555 3655 2676 3717; x_wconf 87' lang='lat' dir='ltr'><strong>etc.</strong></span> <span class='ocrx_word' id='word_1_555' title='bbox 2708 3650 2888 3734; x_wconf 79' lang='lat' dir='ltr'><strong>Ignis</strong></span> <span class='ocrx_word' id='word_1_556' title='bbox 2927 3653 3043 3717; x_wconf 84' lang='lat' dir='ltr'><strong>iste</strong></span> <span class='ocrx_word' id='word_1_557' title='bbox 3084 3652 3363 3738; x_wconf 89' lang='lat' dir='ltr'><strong>Spiritus</strong></span> <span class='ocrx_word' id='word_1_558' title='bbox 3406 3657 3672 3720; x_wconf 85' lang='lat' dir='ltr'><strong>sanctus</strong></span> <span class='ocrx_word' id='word_1_559' title='bbox 3712 3658 3825 3736; x_wconf 88' lang='lat' dir='ltr'><strong>est,</strong></span> 
     </span>
     <span class='ocr_line' id='line_1_77' title="bbox 2287 3759 3828 3847; baseline 0.003 -25"><span class='ocrx_word' id='word_1_560' title='bbox 2287 3759 2402 3843; x_wconf 90' lang='lat' dir='ltr'><strong>qui</strong></span> <span class='ocrx_word' id='word_1_561' title='bbox 2424 3776 2545 3823; x_wconf 87' lang='lat' dir='ltr'><strong>nos</strong></span> <span class='ocrx_word' id='word_1_562' title='bbox 2571 3760 2651 3824; x_wconf 88' lang='lat' dir='ltr'><strong>ad</strong></span> <span class='ocrx_word' id='word_1_563' title='bbox 2674 3760 2922 3826; x_wconf 91' lang='lat' dir='ltr'><strong>bonum</strong></span> <span class='ocrx_word' id='word_1_564' title='bbox 2947 3761 3252 3827; x_wconf 85' lang='lat' dir='ltr'><strong>accendit.</strong></span> <span class='ocrx_word' id='word_1_565' title='bbox 3277 3760 3420 3827; x_wconf 75' lang='lat' dir='ltr'><strong>Vidi</strong></span> <span class='ocrx_word' id='word_1_566' title='bbox 3445 3762 3828 3847; x_wconf 86' lang='lat' dir='ltr'><strong>quandoque</strong></span> 
     </span>
     <span class='ocr_line' id='line_1_78' title="bbox 2288 3866 3826 3953; baseline 0.004 -23"><span class='ocrx_word' id='word_1_567' title='bbox 2288 3867 2508 3949; x_wconf 88' lang='lat' dir='ltr'><strong>ignem</strong></span> <span class='ocrx_word' id='word_1_568' title='bbox 2537 3866 2616 3932; x_wconf 92' lang='lat' dir='ltr'><strong>de</strong></span> <span class='ocrx_word' id='word_1_569' title='bbox 2643 3866 2777 3932; x_wconf 91' lang='lat' dir='ltr'><strong>sole</strong></span> <span class='ocrx_word' id='word_1_570' title='bbox 2801 3868 2942 3950; x_wconf 89' lang='lat' dir='ltr'><strong>capi</strong></span> <span class='ocrx_word' id='word_1_571' title='bbox 2972 3868 3042 3932; x_wconf 91' lang='lat' dir='ltr'><strong>in</strong></span> <span class='ocrx_word' id='word_1_572' title='bbox 3067 3868 3237 3935; x_wconf 81' lang='lat' dir='ltr'><strong>vitro</strong></span> <span class='ocrx_word' id='word_1_573' title='bbox 3259 3867 3473 3935; x_wconf 88' lang='lat' dir='ltr'><strong>lucido</strong></span> <span class='ocrx_word' id='word_1_574' title='bbox 3509 3888 3684 3953; x_wconf 87' lang='lat' dir='ltr'><strong>aqua</strong></span> <span class='ocrx_word' id='word_1_575' title='bbox 3707 3871 3826 3936; x_wconf 93' lang='lat' dir='ltr'><strong>im-</strong></span> 
     </span>
     <span class='ocr_line' id='line_1_79' title="bbox 2289 3974 3829 4059; baseline 0.003 -21"><span class='ocrx_word' id='word_1_576' title='bbox 2289 3974 2458 4059; x_wconf 89' lang='lat' dir='ltr'><strong>pleto</strong></span> <span class='ocrx_word' id='word_1_577' title='bbox 2489 3996 2505 4038; x_wconf 71' lang='grc' dir='ltr'><strong>ε</strong></span> <span class='ocrx_word' id='word_1_578' title='bbox 2538 3975 2630 4041; x_wconf 90' lang='lat' dir='ltr'><strong>ita</strong></span> <span class='ocrx_word' id='word_1_579' title='bbox 2656 3976 2731 4040; x_wconf 86' lang='lat' dir='ltr'><strong>fit</strong></span> <span class='ocrx_word' id='word_1_580' title='bbox 2768 3976 2838 4039; x_wconf 92' lang='lat' dir='ltr'><strong>in</strong></span> <span class='ocrx_word' id='word_1_581' title='bbox 2873 3975 3213 4059; x_wconf 89' lang='lat' dir='ltr'><strong>baptismo.</strong></span> <span class='ocrx_word' id='word_1_582' title='bbox 3253 3976 3431 4043; x_wconf 90' lang='lat' dir='ltr'><strong>Unde</strong></span> <span class='ocrx_word' id='word_1_583' title='bbox 3475 3978 3641 4044; x_wconf 78' lang='lat' dir='ltr'><strong>bene</strong></span> <span class='ocrx_word' id='word_1_584' title='bbox 3679 3978 3829 4045; x_wconf 89' lang='lat' dir='ltr'><strong>dici-</strong></span> 
     </span>
     <span class='ocr_line' id='line_1_80' title="bbox 2290 4082 3827 4166; baseline 0.005 -19"><span class='ocrx_word' id='word_1_585' title='bbox 2290 4087 2399 4147; x_wconf 88' lang='lat' dir='ltr'><strong>tur</strong></span> <span class='ocrx_word' id='word_1_586' title='bbox 2415 4082 3028 4166; x_wconf 74' lang='lat' dir='ltr'><strong>¹⁸:01Viditanquam</strong></span> <span class='ocrx_word' id='word_1_587' title='bbox 3047 4100 3226 4149; x_wconf 87' lang='lat' dir='ltr'><strong>mare</strong></span> <span class='ocrx_word' id='word_1_588' title='bbox 3247 4084 3528 4152; x_wconf 81' lang='lat' dir='ltr'><strong>vitreum</strong></span> <span class='ocrx_word' id='word_1_589' title='bbox 3551 4088 3827 4153; x_wconf 81' lang='lat' dir='ltr'><strong>mixtum</strong></span> 
     </span>
     <span class='ocr_line' id='line_1_81' title="bbox 2289 4190 3822 4276; baseline 0.003 -21"><span class='ocrx_word' id='word_1_590' title='bbox 2289 4192 2448 4273; x_wconf 89' lang='lat' dir='ltr'><strong>igne</strong></span> <span class='ocrx_word' id='word_1_591' title='bbox 2470 4240 2489 4273; x_wconf 92' lang='lat'><strong>,</strong></span> <span class='ocrx_word' id='word_1_592' title='bbox 2517 4213 2550 4252; x_wconf 70' lang='grc' dir='ltr'><strong>ι»</strong></span> <span class='ocrx_word' id='word_1_593' title='bbox 2587 4195 2707 4256; x_wconf 79' lang='lat' dir='ltr'><strong>etc.</strong></span> <span class='ocrx_word' id='word_1_594' title='bbox 2740 4190 3019 4273; x_wconf 88' lang='lat' dir='ltr'><strong>Intelligi</strong></span> <span class='ocrx_word' id='word_1_595' title='bbox 3057 4195 3266 4276; x_wconf 90' lang='lat' dir='ltr'><strong>potest</strong></span> <span class='ocrx_word' id='word_1_596' title='bbox 3303 4209 3485 4259; x_wconf 86' lang='lat' dir='ltr'><strong>mare</strong></span> <span class='ocrx_word' id='word_1_597' title='bbox 3511 4194 3822 4274; x_wconf 84' lang='lat' dir='ltr'><strong>vitreum,</strong></span> 
     </span>
     <span class='ocr_line' id='line_1_82' title="bbox 2289 4299 3824 4383; baseline 0.003 -16"><span class='ocrx_word' id='word_1_598' title='bbox 2289 4300 2574 4367; x_wconf 81' lang='lat' dir='ltr'><strong>vitreum</strong></span> <span class='ocrx_word' id='word_1_599' title='bbox 2598 4317 2716 4365; x_wconf 87' lang='lat' dir='ltr'><strong>vas</strong></span> <span class='ocrx_word' id='word_1_600' title='bbox 2740 4299 3077 4366; x_wconf 86' lang='lat' dir='ltr'><strong>continens</strong></span> <span class='ocrx_word' id='word_1_601' title='bbox 3103 4317 3325 4383; x_wconf 89' lang='lat' dir='ltr'><strong>aquas,</strong></span> <span class='ocrx_word' id='word_1_602' title='bbox 3351 4300 3516 4366; x_wconf 85' lang='lat' dir='ltr'><strong>sicut</strong></span> <span class='ocrx_word' id='word_1_603' title='bbox 3540 4319 3718 4370; x_wconf 81' lang='lat' dir='ltr'><strong>mare</strong></span> <span class='ocrx_word' id='word_1_604' title='bbox 3744 4318 3824 4369; x_wconf 78' lang='grc' dir='ltr'><strong>ω-</strong></span> 
     </span>
     <span class='ocr_line' id='line_1_83' title="bbox 2289 4406 3823 4494; baseline 0.001 -20"><span class='ocrx_word' id='word_1_605' title='bbox 2289 4423 2482 4475; x_wconf 76' lang='lat' dir='ltr'><strong>neum</strong></span> <span class='ocrx_word' id='word_1_606' title='bbox 2495 4406 2821 4473; x_wconf 85' lang='lat' dir='ltr'><strong>dicebatur</strong></span> <span class='ocrx_word' id='word_1_607' title='bbox 2837 4407 2884 4448; x_wconf 82' lang='lat'><strong>¹⁸</strong></span> <span class='ocrx_word' id='word_1_608' title='bbox 2910 4424 3027 4471; x_wconf 85' lang='lat' dir='ltr'><strong>vas</strong></span> <span class='ocrx_word' id='word_1_609' title='bbox 3051 4423 3327 4472; x_wconf 82' lang='lat' dir='ltr'><strong>aeneum.</strong></span> <span class='ocrx_word' id='word_1_610' title='bbox 3346 4407 3519 4474; x_wconf 87' lang='lat' dir='ltr'><strong>Mare</strong></span> <span class='ocrx_word' id='word_1_611' title='bbox 3545 4428 3708 4494; x_wconf 80' lang='lat' dir='ltr'><strong>ergo</strong></span> <span class='ocrx_word' id='word_1_612' title='bbox 3733 4412 3823 4475; x_wconf 87' lang='lat' dir='ltr'><strong>vi·</strong></span> 
     </span>
     <span class='ocr_line' id='line_1_84' title="bbox 2292 4513 3827 4600; baseline 0 -18"><span class='ocrx_word' id='word_1_613' title='bbox 2292 4521 2505 4582; x_wconf 86' lang='lat' dir='ltr'><strong>treum</strong></span> <span class='ocrx_word' id='word_1_614' title='bbox 2532 4514 2849 4596; x_wconf 81' lang='lat' dir='ltr'><strong>significat</strong></span> <span class='ocrx_word' id='word_1_615' title='bbox 2867 4514 3283 4597; x_wconf 89' lang='lat' dir='ltr'><strong>baptismum.</strong></span> <span class='ocrx_word' id='word_1_616' title='bbox 3316 4513 3495 4581; x_wconf 88' lang='lat' dir='ltr'><strong>Sicut</strong></span> <span class='ocrx_word' id='word_1_617' title='bbox 3520 4517 3696 4582; x_wconf 87' lang='lat' dir='ltr'><strong>enim</strong></span> <span class='ocrx_word' id='word_1_618' title='bbox 3722 4535 3827 4600; x_wconf 85' lang='lat' dir='ltr'><strong>per</strong></span> 
     </span>
     <span class='ocr_line' id='line_1_85' title="bbox 2291 4620 3827 4707; baseline 0 -17"><span class='ocrx_word' id='word_1_619' title='bbox 2291 4624 2539 4691; x_wconf 81' lang='lat' dir='ltr'><strong>vitrum</strong></span> <span class='ocrx_word' id='word_1_620' title='bbox 2565 4620 2785 4686; x_wconf 89' lang='lat' dir='ltr'><strong>radius</strong></span> <span class='ocrx_word' id='word_1_621' title='bbox 2815 4620 2967 4686; x_wconf 90' lang='lat' dir='ltr'><strong>solis</strong></span> <span class='ocrx_word' id='word_1_622' title='bbox 2989 4669 3007 4701; x_wconf 91' lang='lat'>‚</span> <span class='ocrx_word' id='word_1_623' title='bbox 3038 4621 3130 4686; x_wconf 88' lang='lat' dir='ltr'><strong>ita</strong></span> <span class='ocrx_word' id='word_1_624' title='bbox 3173 4640 3288 4705; x_wconf 90' lang='lat' dir='ltr'><strong>per</strong></span> <span class='ocrx_word' id='word_1_625' title='bbox 3311 4621 3702 4707; x_wconf 88' lang='lat' dir='ltr'><strong>baptismum</strong></span> <span class='ocrx_word' id='word_1_626' title='bbox 3726 4625 3827 4690; x_wconf 88' lang='lat' dir='ltr'><strong>lu-</strong></span> 
     </span>
     <span class='ocr_line' id='line_1_86' title="bbox 2292 4728 3822 4814; baseline 0 -14"><span class='ocrx_word' id='word_1_627' title='bbox 2292 4749 2444 4800; x_wconf 89' lang='lat' dir='ltr'><strong>men</strong></span> <span class='ocrx_word' id='word_1_628' title='bbox 2469 4729 2699 4814; x_wconf 82' lang='lat' dir='ltr'><strong>gratiae</strong></span> <span class='ocrx_word' id='word_1_629' title='bbox 2724 4728 3102 4795; x_wconf 83' lang='lat' dir='ltr'><strong>diffunditur</strong></span> <span class='ocrx_word' id='word_1_630' title='bbox 3127 4730 3197 4794; x_wconf 92' lang='lat' dir='ltr'><strong>in</strong></span> <span class='ocrx_word' id='word_1_631' title='bbox 3217 4729 3484 4796; x_wconf 91' lang='lat' dir='ltr'><strong>domum</strong></span> <span class='ocrx_word' id='word_1_632' title='bbox 3511 4732 3822 4813; x_wconf 71' lang='lat' dir='ltr'><strong>Ecclesiae,</strong></span> 
     </span>
     <span class='ocr_line' id='line_1_87' title="bbox 2295 4836 3825 4907; baseline 0 -1"><span class='ocrx_word' id='word_1_633' title='bbox 2295 4839 2397 4907; x_wconf 87' lang='lat' dir='ltr'><strong>vel</strong></span> <span class='ocrx_word' id='word_1_634' title='bbox 2423 4838 2736 4904; x_wconf 88' lang='lat' dir='ltr'><strong>credentis</strong></span> <span class='ocrx_word' id='word_1_635' title='bbox 2762 4836 3020 4902; x_wconf 70' lang='lat' dir='ltr'><strong>animae.</strong></span> <span class='ocrx_word' id='word_1_636' title='bbox 3062 4836 3218 4902; x_wconf 89' lang='lat' dir='ltr'><strong>Item</strong></span> <span class='ocrx_word' id='word_1_637' title='bbox 3247 4838 3411 4905; x_wconf 89' lang='lat' dir='ltr'><strong>sicut</strong></span> <span class='ocrx_word' id='word_1_638' title='bbox 3436 4841 3681 4907; x_wconf 83' lang='lat' dir='ltr'><strong>vitrum</strong></span> <span class='ocrx_word' id='word_1_639' title='bbox 3707 4842 3825 4906; x_wconf 88' lang='lat' dir='ltr'><strong>cito</strong></span> 
     </span>
     <span class='ocr_line' id='line_1_88' title="bbox 2293 4945 3822 5030; baseline -0.001 -18"><span class='ocrx_word' id='word_1_640' title='bbox 2293 4946 2638 5030; x_wconf 73' lang='lat' dir='ltr'><strong>frangitur,</strong></span> <span class='ocrx_word' id='word_1_641' title='bbox 2670 4945 2781 5010; x_wconf 90' lang='lat' dir='ltr'><strong>sed</strong></span> <span class='ocrx_word' id='word_1_642' title='bbox 2807 4963 2937 5010; x_wconf 90' lang='lat' dir='ltr'><strong>non</strong></span> <span class='ocrx_word' id='word_1_643' title='bbox 2965 4945 3093 5010; x_wconf 90' lang='lat' dir='ltr'><strong>cito</strong></span> <span class='ocrx_word' id='word_1_644' title='bbox 3123 4949 3481 5029; x_wconf 88' lang='lat' dir='ltr'><strong>reparatur,</strong></span> <span class='ocrx_word' id='word_1_645' title='bbox 3515 4948 3603 5014; x_wconf 92' lang='lat' dir='ltr'><strong>ita</strong></span> <span class='ocrx_word' id='word_1_646' title='bbox 3630 4948 3822 5014; x_wconf 90' lang='lat' dir='ltr'><strong>medi-</strong></span> 
     </span>
     <span class='ocr_line' id='line_1_89' title="bbox 2295 5052 3824 5138; baseline 0.002 -18"><span class='ocrx_word' id='word_1_647' title='bbox 2295 5055 2440 5120; x_wconf 88' lang='lat' dir='ltr'><strong>cina</strong></span> <span class='ocrx_word' id='word_1_648' title='bbox 2480 5052 2893 5138; x_wconf 87' lang='lat' dir='ltr'><strong>baptismalis.</strong></span> <span class='ocrx_word' id='word_1_649' title='bbox 2946 5053 3123 5136; x_wconf 91' lang='lat' dir='ltr'><strong>lgnis</strong></span> <span class='ocrx_word' id='word_1_650' title='bbox 3184 5057 3402 5120; x_wconf 86' lang='lat' dir='ltr'><strong>antem</strong></span> <span class='ocrx_word' id='word_1_651' title='bbox 3447 5057 3824 5123; x_wconf 83' lang='lat' dir='ltr'><strong>commixtus</strong></span> 
     </span>
     <span class='ocr_line' id='line_1_90' title="bbox 2296 5160 3824 5246; baseline 0.002 -19"><span class='ocrx_word' id='word_1_652' title='bbox 2296 5162 2459 5227; x_wconf 89' lang='lat' dir='ltr'><strong>mari</strong></span> <span class='ocrx_word' id='word_1_653' title='bbox 2522 5161 2727 5227; x_wconf 85' lang='lat' dir='ltr'><strong>vitreo</strong></span> <span class='ocrx_word' id='word_1_654' title='bbox 2788 5160 3109 5244; x_wconf 78' lang='lat' dir='ltr'><strong>significat</strong></span> <span class='ocrx_word' id='word_1_655' title='bbox 3170 5161 3478 5228; x_wconf 84' lang='lat' dir='ltr'><strong>virtutem</strong></span> <span class='ocrx_word' id='word_1_656' title='bbox 3559 5164 3824 5246; x_wconf 85' lang='lat' dir='ltr'><strong>Spiritus</strong></span> 
     </span>
     <span class='ocr_line' id='line_1_91' title="bbox 2300 5331 3821 5400; baseline -0.001 -15"><span class='ocrx_word' id='word_1_657' title='bbox 2300 5331 2657 5398; x_wconf 75' lang='lat' dir='ltr'><strong>praecedentis.</strong></span> <span class='ocrx_word' id='word_1_658' title='bbox 2689 5360 2740 5370; x_wconf 91' lang='lat'>—</span> <span class='ocrx_word' id='word_1_659' title='bbox 2773 5333 2813 5369; x_wconf 82' lang='lat'><strong>¹³</strong></span> <span class='ocrx_word' id='word_1_660' title='bbox 2837 5334 3005 5397; x_wconf 66' lang='lat' dir='ltr'><strong>loun„</strong></span> <span class='ocrx_word' id='word_1_661' title='bbox 3032 5344 3142 5392; x_wconf 74' lang='lat' dir='ltr'><strong>xiv,</strong></span> <span class='ocrx_word' id='word_1_662' title='bbox 3171 5335 3251 5384; x_wconf 82' lang='lat'><strong>26.</strong></span> <span class='ocrx_word' id='word_1_663' title='bbox 3281 5359 3345 5372; x_wconf 90' lang='lat'><em>-</em></span> <span class='ocrx_word' id='word_1_664' title='bbox 3382 5334 3415 5364; x_wconf 79' lang='lat'><strong>¹⁸</strong></span> <span class='ocrx_word' id='word_1_665' title='bbox 3450 5334 3585 5396; x_wconf 73' lang='lat' dir='ltr'><strong>Luc..</strong></span> <span class='ocrx_word' id='word_1_666' title='bbox 3614 5346 3721 5400; x_wconf 79' lang='lat'><strong>111,</strong></span> <span class='ocrx_word' id='word_1_667' title='bbox 3749 5336 3821 5386; x_wconf 69' lang='grc'><strong>49.</strong></span> 
     </span>
     <span class='ocr_line' id='line_1_92' title="bbox 2298 5405 3507 5471; baseline 0 -16"><span class='ocrx_word' id='word_1_668' title='bbox 2298 5429 2360 5442; x_wconf 93' lang='grc'><strong>-</strong></span> <span class='ocrx_word' id='word_1_669' title='bbox 2389 5405 2427 5441; x_wconf 81' lang='lat'><strong>‘⁸</strong></span> <span class='ocrx_word' id='word_1_670' title='bbox 2455 5405 2627 5470; x_wconf 70' lang='lat' dir='ltr'><strong>Apoc„</strong></span> <span class='ocrx_word' id='word_1_671' title='bbox 2660 5416 2749 5470; x_wconf 84' lang='lat' dir='ltr'><strong>xv,</strong></span> <span class='ocrx_word' id='word_1_672' title='bbox 2776 5407 2825 5455; x_wconf 80' lang='lat'><strong>2.</strong></span> <span class='ocrx_word' id='word_1_673' title='bbox 2854 5430 2916 5442; x_wconf 93' lang='lat'><em>-</em></span> <span class='ocrx_word' id='word_1_674' title='bbox 2945 5405 2987 5441; x_wconf 73' lang='lat'><strong>¹⁶</strong></span> <span class='ocrx_word' id='word_1_675' title='bbox 3015 5406 3080 5456; x_wconf 79' lang='lat' dir='ltr'><strong>lv</strong></span> <span class='ocrx_word' id='word_1_676' title='bbox 3110 5405 3246 5471; x_wconf 62' lang='grc' dir='ltr'><strong>Κεφ,</strong></span> <span class='ocrx_word' id='word_1_677' title='bbox 3277 5416 3400 5468; x_wconf 79' lang='lat' dir='ltr'><strong>xxv,</strong></span> <span class='ocrx_word' id='word_1_678' title='bbox 3430 5408 3507 5457; x_wconf 74' lang='lat'><strong>¹3.</strong></span> 
     </span>
    </p>

    <p class='ocr_par' dir='ltr' id='par_1_10' title="bbox 2366 5502 3819 5572">
     <span class='ocr_line' id='line_1_93' title="bbox 2366 5502 3819 5572; baseline 0.002 -18"><span class='ocrx_word' id='word_1_679' title='bbox 2366 5505 2435 5569; x_wconf 82' lang='lat' dir='ltr'><strong>(a)</strong></span> <span class='ocrx_word' id='word_1_680' title='bbox 2471 5504 2597 5556; x_wconf 81' lang='lat' dir='ltr'><strong>coet.</strong></span> <span class='ocrx_word' id='word_1_681' title='bbox 2629 5502 2752 5556; x_wconf 73' lang='lat' dir='ltr'><strong>edit.</strong></span> <span class='ocrx_word' id='word_1_682' title='bbox 2781 5507 2983 5556; x_wconf 89' lang='lat' dir='ltr'><strong>scutum</strong></span> <span class='ocrx_word' id='word_1_683' title='bbox 3013 5503 3154 5569; x_wconf 84' lang='lat' dir='ltr'><strong>fidei,</strong></span> <span class='ocrx_word' id='word_1_684' title='bbox 3187 5518 3275 5556; x_wconf 77' lang='lat' dir='ltr'><strong>nec</strong></span> <span class='ocrx_word' id='word_1_685' title='bbox 3302 5505 3577 5572; x_wconf 76' lang='lat' dir='ltr'><strong>quidquam</strong></span> <span class='ocrx_word' id='word_1_686' title='bbox 3603 5505 3819 5558; x_wconf 73' lang='lat' dir='ltr'><strong>ulterius.</strong></span> 
     </span>
    </p>
   </div>
  </div>
 </body>
</html>
