4059 6317
633 488 754 552 332

631 620 769 687 xit¹
801 639 819 685 ι
850 640 886 679 c
915 612 1337 692 Villamemif,
1362 615 1429 678 et
1454 606 2176 686 necessebabeoexire,

631 732 696 793 et
720 727 936 794 videre
956 723 1156 789 illam.
1177 744 1208 782 n
1238 720 1421 785 Alius
1446 717 1690 783 dlxiv:
1730 738 1764 777 α
1787 714 2178 796 Jugaboum

630 836 756 901 emi
787 834 1096 918 quinque,
1113 835 1177 897 et
1198 848 1276 896 eo
1293 828 1565 913 probare
1590 843 1689 891 ea.
1711 846 1742 884 υ
1765 822 2018 889 Tertius
2045 840 2181 886 res-

626 943 853 1028 pondit
872 942 897 979 ⁸
927 963 944 1006 2
984 962 1018 1001 c
1042 938 1322 1004 Uxorem
1347 934 1542 1013 duxi,
1572 937 1637 998 et
1663 932 1809 998 ideo
1852 947 1985 994 non
2029 947 2181 1011 pos-

631 1068 781 1116 sum
806 1048 1029 1116 venire
1061 1068 1078 1112 z
1106 1066 1139 1105 n
1174 1045 1299 1110 hoc
1324 1046 1420 1108 est
1446 1042 1621 1108 dictu
1638 1087 1660 1120 ‚
1707 1056 1881 1105 unus
1922 1041 2183 1121 propter

633 1156 1006 1241 superbiam
1036 1150 1460 1238 principandi,
1489 1149 1658 1215 alius
1686 1151 1947 1232 propter
1972 1145 2180 1213 avari·

633 1267 792 1331 tiam
841 1261 1209 1330 cumulandi
1227 1308 1246 1339 ,
1300 1276 1456 1323 nam
1507 1275 1623 1341 per
1676 1255 1963 1339 quinque
2010 1256 2184 1337 juga

634 1374 834 1439 boum
842 1370 1221 1451 intelligitur
1230 1367 1555 1450 superflua
1565 1364 1853 1448 quinque
1870 1379 2182 1427 sensuum

634 1479 961 1564 occupatio
987 1477 1154 1542 circa
1179 1479 1468 1554 terrena;
1498 1472 1727 1539 tertius
1765 1474 2029 1553 propter
2056 1468 2184 1532 las-

635 1588 868 1653 civiam
895 1583 1296 1659 luxuriandi,
1326 1581 1407 1646 ad
1433 1581 1620 1645 istam
1663 1594 1917 1643 coenam
1961 1576 2184 1641 venire

635 1693 1032 1777 contempsit.
1051 1691 1209 1757 Eece
1234 1688 1490 1754 fatuitas
1511 1686 1816 1766 maxima,
1840 1684 1994 1769 quia
2009 1683 2185 1768 quod

637 1803 820 1886 pejus
849 1803 946 1867 est
967 1798 1254 1881 eligitur,
1283 1799 1348 1861 et
1372 1794 1541 1877 quod
1571 1792 1800 1858 melius
1825 1794 2182 1857 recusatur.

636 1908 922 1991 Eligitur
948 1907 1123 1972 enim
1151 1904 1328 1981 vina,
1361 1904 1697 1968 recusatur
1725 1918 2043 1982 regnum;
2074 1897 2185 1964 eli·

643 2016 823 2099 gitur
847 2013 1205 2081 dominium
1233 2011 1619 2077 villanorum
1639 2057 1660 2089 ,
1695 2012 2030 2075 recusatur
2076 2025 2181 2072 re-

641 2142 853 2206 gnum
893 2121 1232 2199 coelornm;
1273 2117 1537 2200 eligitur
1579 2134 1747 2182 uxor
1791 2115 2182 2194 concubina,

642 2237 706 2297 et
744 2234 1078 2297 recusatur
1110 2227 1341 2311 copula
1382 2225 1601 2290 divina
1649 2246 1667 2289 z
1714 2228 1781 2289 et
1829 2223 1973 2288 ideo
2006 2225 2187 2307 justo

635 2339 881 2422 judicio
905 2353 1096 2402 nemo
1122 2336 1424 2413 istorum,
1452 2332 1567 2417 qui
1599 2331 1808 2397 vocati
1834 2333 2022 2409 sunt,
2069 2345 2190 2398 σω·

644 2464 799 2514 nam
840 2447 1029 2511 istam
1072 2442 1429 2528 vastabunt
1449 2487 1467 2519 ,
1497 2458 1575 2505 eo
1615 2439 1790 2523 quod
1836 2438 1960 2504 ista
2005 2456 2189 2504 eoena

644 2555 1060 2620 transferetur
1085 2570 1126 2616 a
1149 2549 1444 2634 superbis
1469 2552 1538 2613 et
1560 2546 1950 2630 potentibus,
1979 2547 2052 2611 in
2072 2547 2185 2612 de·

642 2664 802 2728 biles
841 2666 906 2727 et
945 2659 1223 2726 humiles
1240 2707 1261 2738 ,
1300 2676 1341 2723 a
1384 2655 1688 2723 divitibus
1725 2654 1794 2719 in
1834 2671 2150 2738 pauperes
2167 2700 2187 2734 ,

643 2790 685 2837 a
708 2769 1055 2836 luxuriosis
1079 2768 1148 2832 in
1175 2783 1378 2832 cascos
1404 2767 1468 2829 et
1509 2761 1801 2841 claudos,
1842 2762 1907 2825 id
1952 2764 2086 2840 est,
2117 2761 2189 2826 in

646 2879 812 2957 illos,
842 2877 955 2961 qui
982 2875 1197 2941 oculos
1221 2890 1374 2938 suos
1399 2874 1640 2937 eruunt
1659 2917 1677 2949 ,
1709 2871 1775 2935 et
1799 2870 2186 2934 refraenave-

644 2989 820 3065 runt,
851 3004 935 3051 ne
978 2983 1323 3051 vanitatem
1363 2979 1590 3045 mundi
1634 2976 1912 3044 vivendo
1953 2995 2191 3042 concu-

647 3096 960 3179 piscerent
978 3139 996 3172 ,
1033 3095 1100 3156 et
1140 3088 1367 3173 pedem
1417 3085 1799 3151 inordinatae
1840 3084 2192 3149 affectionis

646 3200 920 3268 totaliter
945 3196 1408 3264 abscinderent.
1436 3191 1644 3258 Etiam
1672 3195 1931 3274 propter
1953 3191 2076 3256 hoc
2101 3192 2192 3257 di·

648 3309 815 3373 citur
840 3308 911 3371 in
926 3305 1234 3372 hodierno
1262 3299 1615 3382 Evangelio
1633 3299 1655 3333 ⁴
1680 3321 1695 3362 ε
1722 3320 1755 3360 ιι
1772 3297 2094 3382 Pauper-es
2116 3316 2192 3363 ae

648 3414 885 3482 debiles
900 3462 917 3494 ‚
955 3429 1156 3478 caecos
1197 3415 1261 3475 et
1304 3407 1566 3473 claudos
1610 3405 1903 3471 introduc
1947 3406 2080 3472 huc
2100 3455 2118 3488 ,
2149 3427 2182 3468 ι

647 3523 786 3588 loco
812 3519 1044 3585 scilicet
1068 3520 1342 3583 istorum
1364 3564 1383 3598 ‚
1411 3515 1525 3600 qui
1552 3513 1901 3579 noluerunt
1942 3516 2188 3580 venire.

728 3627 1019 3695 Secundo
1044 3644 1155 3692 eos
1180 3628 1364 3691 vocat
1384 3624 1466 3689 ad
1492 3624 1680 3688 istam
1709 3639 1960 3687 coenam
1988 3622 2194 3704 gratis

647 3741 785 3804 sine
811 3733 1395 3819 recompensatione
1417 3780 1436 3813 ‚
1469 3731 1803 3796 alliciendo
1845 3748 1962 3814 per
2005 3730 2195 3795 bene-

649 3847 796 3912 ficia
833 3849 897 3910 et
935 3842 1268 3927 promissa.
1318 3839 1496 3905 Unde
1536 3840 1560 3875 ⁸
1617 3860 1634 3904 z
1692 3861 1724 3900 α
1767 3835 2031 3903 Vocavit
2077 3856 2195 3904 nos

651 3953 908 4040 propria
933 3951 1142 4036 gloria
1167 3954 1231 4014 et
1257 3949 1517 4028 virtute,
1543 3965 1655 4030 per
1683 3964 1878 4030 quam
1906 3947 2197 4013 maxima

650 4066 714 4129 et
740 4061 1013 4147 pretiosa
1034 4075 1307 4124 munera
1335 4057 1525 4123 nobis
1556 4055 1855 4137 donavit,
1884 4077 1917 4117 s
1958 4057 2198 4123 scilicet

655 4170 931 4254 gratiam
957 4169 1024 4232 in
1051 4165 1347 4250 praesenti
1361 4213 1385 4246 ,
1415 4168 1478 4230 et
1508 4163 1786 4246 gloriam
1820 4163 1887 4228 in
1937 4164 2156 4230 futuro
2173 4212 2192 4245 ‚

653 4282 726 4346 ut
739 4279 829 4344 sic
850 4277 962 4361 qui
987 4273 1216 4340 nolunt
1232 4272 1454 4339 venire
1471 4271 1551 4337 ad
1568 4271 1758 4338 istam
1777 4289 2026 4340 coenam
2048 4291 2192 4356 pre·

654 4388 857 4467 cibus,
875 4382 1121 4450 facilius
1142 4381 1484 4447 trahantur
1501 4381 1590 4464 (a)
1605 4380 2001 4446 muneribus.
2015 4378 2198 4446 Unde

656 4491 1023 4575 GregoriuS,
1055 4506 1249 4572 super
1273 4486 1433 4553 illud
1457 4486 1575 4552 Job
1595 4489 1617 4524 ⁶
1647 4510 1663 4552 ε
1698 4486 1968 4556 Servum
1992 4504 2199 4556 meum

655 4601 902 4680 vocavi,
932 4605 993 4667 et
1021 4612 1152 4665 non
1172 4594 1511 4680 respondit
1532 4594 1701 4664 mihi
1725 4596 1748 4632 ⁷
1769 4617 1785 4661 :
1813 4618 1844 4656 ιι
1860 4594 2055 4662 Vocat
2080 4613 2199 4661 nos

657 4709 857 4789 Deus,
914 4724 1065 4772 cum
1108 4703 1488 4769 muneribus
1534 4704 1882 4786 praevenit3
1931 4721 2197 4788 respon-

656 4819 884 4885 demus
910 4831 1067 4882 vero
1093 4814 1234 4896 ejus
1261 4812 1403 4879 voci
1427 4811 1800 4889 vocationis,
1826 4829 1977 4876 cum
1995 4811 2199 4893 digne

648 4928 843 5009 Juxta
884 4924 1180 5006 percepta
1234 4918 1315 5004 (b)
1368 4936 1642 4984 munera
1689 4918 2111 4986 deservimus,
2158 4944 2190 4981 n

658 5032 935 5099 Servum
964 5046 1124 5111 ergo
1151 5024 1404 5093 vocavit
1443 5026 1753 5092 Dominus
1773 5074 1792 5107 ‚
1823 5027 1976 5111 quia
2002 5027 2195 5093 colla-

723 5197 741 5230 1
780 5195 915 5258 lanc„
951 5203 1071 5255 xv1,
1104 5193 1186 5242 ¹8.
1222 5214 1283 5228 -
1321 5190 1340 5221 ²
1374 5188 1521 5251 ibid„
1565 5191 1640 5239 19.
1680 5217 1742 5228 -
1775 5191 1799 5226 ⁸
1836 5190 1983 5253 ibid„
2024 5194 2103 5243 2⁰.
2140 5218 2200 5229 —

658 5268 682 5305 δ
720 5266 868 5328 thid„
903 5268 982 5317 21.
1016 5289 1078 5302 -
1115 5264 1134 5295 ⁸
1170 5262 1213 5312 ll
1255 5263 1393 5324 Petr,
1437 5274 1484 5327 1,
1523 5265 1568 5315 4.
1604 5289 1659 5300 -
1684 5263 1708 5299 ⁸
1738 5261 1851 5328 lob,
1885 5275 2003 5327 xlx,
2034 5266 2115 5315 16.
2139 5291 2201 5304 -·

659 5342 681 5376 ⁷
716 5341 890 5404 Greg.‚
925 5334 1133 5396 Mor-al„
1161 5333 1250 5385 lib.
1283 5335 1418 5398 xlv,
1446 5348 1494 5384 c.
1526 5346 1645 5397 xlx,
1671 5333 1741 5386 al.
1774 5346 1913 5399 xm,
1945 5348 2002 5386 n.
2030 5338 2111 5386 50.
2142 5362 2197 5371 -

659 5410 684 5446 ⁸
714 5410 853 5460 Ρωὶ.
884 5420 1032 5469 xmx,
1063 5409 1110 5456 1.
1133 5432 1194 5446 -
1216 5407 1240 5443 ⁵
1267 5406 1403 5471 Act„
1426 5419 1479 5469 x,
1503 5408 1665 5471 sle-35,
1692 5407 1864 5473 quoad
1890 5421 2121 5459 sensum.
2140 5433 2202 5445 —

663 5483 705 5524 ιθ
734 5480 855 5541 lob,
886 5492 936 5542 v,
963 5481 1040 5532 10.
1074 5504 1136 5520 -·
1176 5479 1208 5513 ⁸¹
1250 5479 1485 5548 Gregor„
1526 5477 1733 5542 uorat„
1758 5478 1849 5530 lib.
1883 5480 1970 5542 Vl,
2001 5493 2048 5530 c.
2081 5488 2202 5545 vm,

1729 468 2148 538 SERMONES
2188 467 2292 536 DE
2331 466 2729 537 TEMPORE.

2283 604 2368 670 tis
2398 606 2808 686 muneribus,
2837 609 3022 692 quasi
3048 608 3298 675 emissis
3324 608 3695 676 vom’bnsad
3719 630 3823 693 se,

2283 713 2496 781 dicere
2521 715 2800 798 audivit3
2829 717 2938 783 sed
2983 736 3117 785 non
3145 718 3512 803 respondit,
3539 719 3693 802 quia
3735 721 3828 786 di·

2283 841 2418 906 gna
2443 842 2638 908 opera
2663 825 3022 892 donationis
3047 829 3191 911 ejus
3220 827 3486 893 reddere
3510 831 3828 912 contemp-

2285 932 2396 997 sit.

2368 1038 2582 1104 Tertio
2626 1041 2880 1106 vocavit
2908 1041 3217 1108 Dominus
3254 1043 3337 1109 ad
3363 1045 3554 1110 istam
3581 1064 3830 1112 coenam

2286 1146 2673 1230 generaliter
2686 1149 2827 1213 sine
2843 1151 3228 1234 acceptione,
3247 1153 3700 1219 comminando
3717 1172 3831 1237 per

2286 1260 2526 1322 aeterna
2550 1256 2888 1341 supplicia3
2916 1258 3087 1324 unde
3106 1258 3178 1323 in
3205 1255 3459 1325 Psalmo
3489 1264 3513 1300 ⁸
3545 1283 3564 1326 z
3600 1282 3633 1322 ιι
3662 1260 3832 1326 Deus

2285 1362 2555 1429 deorum
2583 1364 2889 1432 Dominus
2915 1366 3166 1432 locutus
3194 1371 3312 1448 est,
3341 1372 3407 1433 et
3427 1371 3684 1434 vocavit
3712 1375 3834 1434 ter-

2287 1488 2430 1536 ram
2456 1490 2497 1537 a
2517 1471 2670 1536 solis
2712 1476 2882 1554 ortu,
2911 1477 2976 1538 et
3001 1491 3252 1539 occasu.
3290 1497 3322 1534 a
3355 1474 3522 1540 Deus
3563 1477 3834 1542 deorum

2288 1577 2599 1643 Dominus
2628 1577 2916 1648 Christus
2954 1581 3206 1647 locutus
3245 1586 3345 1646 est
3385 1584 3836 1650 comminando

2289 1702 2403 1769 per
2426 1688 2669 1751 aeterna
2693 1688 3035 1771 supplicia,
3063 1692 3139 1754 ut
3170 1706 3287 1772 per
3325 1689 3452 1756 hoc
3501 1690 3838 1774 compellat

2289 1810 2400 1859 eos
2426 1794 2665 1860 intrare
2695 1796 2776 1861 ad
2801 1814 3054 1862 coenam
3080 1796 3270 1863 istam
3291 1797 3565 1881 flagellis
3583 1801 3652 1863 et
3668 1816 3838 1864 eom-

2289 1902 2768 1984 minationibus‚
2798 1904 2914 1988 qui
2943 1904 3171 1970 nolunt
3205 1905 3423 1970 induci
3448 1905 3749 1989 precibus
3771 1910 3839 1971 et

2289 2009 2848 2094 promissionibus3
2876 2011 3165 2095 alioquin
3206 2011 3427 2076 divina
3463 2012 3838 2079 misericor-

2291 2118 2397 2184 dia
2417 2120 2714 2186 transibit
2737 2119 2806 2184 in
2832 2119 3170 2202 iustitiam,
3190 2124 3254 2184 et
3274 2119 3392 2203 qui
3407 2119 3642 2185 nolunt
3668 2139 3839 2203 gau-

2291 2225 2442 2291 dere
2466 2226 2537 2291 in
2560 2227 2779 2294 divino
2807 2227 3040 2310 palatio
3067 2244 3217 2292 cum
3242 2227 3531 2309 angelis,
3581 2229 3840 2294 crucia-

2291 2331 2537 2397 buntur
2563 2336 2870 2416 perpetuo
2895 2332 2965 2397 in
2991 2332 3239 2398 interno
3255 2381 3278 2414 ‚
3307 2336 3373 2399 et
3403 2334 3841 2401 flammescent

2292 2459 2443 2506 cum
2470 2441 2890 2508 daemonibus.
2935 2441 3077 2507 Istis
3112 2459 3276 2523 ergo
3314 2444 3838 2509 comminationi·

2293 2550 2416 2613 bus
2434 2550 2746 2618 Dominus
2763 2552 3019 2618 vocavit
3041 2555 3306 2629 terram,
3321 2550 3387 2615 id
3406 2555 3524 2631 est,
3546 2555 3838 2617 terrenos

2294 2660 2360 2723 et
2385 2662 2778 2740 peccatores,
2821 2657 3045 2725 asolis
3069 2664 3218 2726 ortu
3244 2661 3590 2737 etoccasu,
3633 2660 3842 2742 quia·

2300 2789 2336 2828 e
2361 2764 2534 2848 apud
2562 2782 2714 2829 eum
2744 2764 2922 2830 nulla
2950 2768 3047 2829 est
3071 2765 3351 2848 acceptio
3385 2783 3841 2850 personarum,

2295 2873 2427 2939 imo
2464 2873 2534 2936 in
2573 2872 2754 2937 omni
2796 2876 3023 2955 gente,
3068 2876 3134 2938 et
3172 2872 3242 2937 in
3271 2873 3447 2938 omui
3475 2874 3753 2957 populo,
3781 2878 3846 2939 et

2296 2982 2367 3047 in
2393 2980 2574 3046 omni
2597 2981 2981 3062 conditione,
3012 2984 3077 3047 et
3100 2981 3173 3045 in
3198 2982 3379 3047 omni
3407 2985 3596 3047 aetate
3644 2983 3842 3049 bene-

2297 3089 2600 3174 placitum
2637 3093 2735 3154 est
2773 3091 2853 3155 ei.
2901 3112 2932 3150 »
2992 3089 3170 3155 Unde
3214 3088 3599 3173 Gregorius,
3647 3109 3845 3176 super

2297 3197 2458 3263 illud
2484 3199 2569 3261 ¹⁰:
2597 3196 2722 3274 Qui
2747 3198 2986 3278 irriaat
3011 3197 3205 3280 aquis
3232 3197 3543 3264 universa
3565 3198 3608 3235 ¹¹
3636 3198 3846 3265 :«Hoc

2300 3309 2418 3383 est,
2445 3322 2531 3370 ex
2555 3304 2733 3369 omni
2754 3322 2993 3386 genere
3012 3304 3084 3388 (c)
3105 3304 3185 3368 ad
3203 3322 3389 3370 suam
3408 3306 3844 3389 cognitionem

2304 3418 2490 3481 vocat
2523 3413 2799 3497 Spiritus
2823 3414 3023 3479 sancti
3053 3414 3289 3497 gratia.
3325 3436 3357 3475 o
3395 3413 3555 3479 Nam
3579 3434 3734 3481 cum
3758 3417 3847 3482 di-

2305 3518 2468 3584 vites
2512 3518 2632 3583 sibi
2675 3517 2970 3600 subjicit,
3018 3535 3331 3601 pauperes
3379 3535 3511 3583 non
3556 3518 3841 3601 repellit3

2299 3645 2452 3692 cum
2477 3627 2671 3692 fortes
2695 3625 3017 3705 humiliat,
3038 3625 3120 3691 ad
3142 3643 3211 3690 se
3226 3626 3449 3691 venire
3465 3624 3704 3691 debiles
3716 3644 3847 3691 non

2300 3737 2579 3814 recusat;
2602 3751 2755 3798 cum
2771 3732 3019 3798 nobiles
3033 3732 3299 3816 colligit,
3319 3732 3513 3797 simul
3530 3732 3848 3814 ignobiles

2301 3839 2721 3926 apprehendit
2733 3861 2751 3918 ;
2784 3857 2932 3904 cum
2960 3839 3279 3923 sapientes
3304 3839 3606 3923 suscipit,
3639 3839 3842 3923 impe·

2301 3949 2576 4014 ritorum
2601 3946 2935 4013 stultitiam
2963 3964 3099 4011 non
3123 3945 3494 4012 contemnit.
3523 3946 3847 4030 Rogemus

2302 4075 2461 4141 ergo
2476 4105 2499 4138 ‚
2530 4059 2652 4122 etc.

2830 4222 3121 4294 SERMO
3165 4223 3227 4292 Π
3255 4224 3324 4291 ¹¹.

2387 4380 2586 4449 Homo
2599 4377 2872 4464 quidam
2887 4379 3042 4460 tecit
3059 4393 3300 4444 coenam
3316 4391 3618 4459 maenam
3637 4380 3708 4457 ¹⁸,
3724 4379 3844 4442 etc.

2308 4491 2351 4527 ¹⁸
2379 4512 2409 4552 α
2437 4489 2615 4556 Beati
2641 4488 2756 4572 qui
2780 4488 2859 4552 ad
2876 4503 3126 4552 coenam
3151 4485 3525 4568 nuptiarum
3538 4483 3717 4566 Agni
3740 4502 3849 4551 vo-

2306 4600 2432 4664 cati
2457 4601 2630 4663 suut.
2658 4618 2689 4657 υ
2727 4594 2974 4678 Duplex
2999 4596 3097 4658 est
3121 4610 3304 4658 coena
3328 4639 3346 4670 ‚
3376 4590 3670 4657 videlicet
3693 4610 3845 4675 gra-

2306 4705 2438 4786 tiae,
2462 4710 2527 4771 et
2548 4702 2797 4786 gloriae.
2822 4700 3040 4766 Prima
3053 4705 3150 4766 est
3165 4698 3461 4765 Ecclesiae
3485 4699 3841 4779 militantis;

2306 4812 2615 4891 secunda,
2645 4807 3129 4891 triumphantis.

2387 4920 2475 4986 De
2499 4919 2744 5003 prima,
2773 4933 2926 4981 cum
2959 4914 3243 4979 venisset
3280 4911 3465 4979 Iesus
3508 4913 3581 4979 in
3611 4912 3846 4979 Betha-

2309 5029 2510 5110 niam,
2529 5027 2763 5094 dicitur
2782 5027 2831 5066 ¹⁸
2853 5047 2869 5091 ε
2901 5047 2932 5087 α
2944 5022 3258 5090 Fecerunt
3277 5025 3498 5094 autem
3519 5023 3580 5087 ei
3601 5041 3846 5089 emnam

2308 5190 2375 5243 el.
2404 5201 2524 5251 xv1,
2554 5202 2611 5240 n.
2646 5191 2727 5239 21.
2754 5213 2815 5226 -
2847 5188 2891 5223 ¹¹
2917 5187 3064 5237 Hune
3090 5187 3142 5236 et
3167 5197 3275 5248 seq.
3305 5198 3466 5250 usque
3494 5184 3561 5236 ad
3589 5199 3743 5237 serm.
3774 5197 3845 5249 ιν,

2311 5261 2591 5323 exclusive,
2625 5261 2778 5311 Dom.
2816 5260 2913 5322 ln,
2940 5259 3095 5309 habet
3118 5268 3326 5322 quoque
3358 5256 3482 5309 edit.
3518 5256 3678 5308 Paris.
3707 5260 3843 5308 1521.

2311 5359 2373 5371 —
2412 5333 2448 5363 ⁸³
2483 5332 2619 5394 Luc„
2659 5343 2765 5394 xlv,
2800 5333 2878 5382 16.
2911 5357 2972 5368 -
3011 5329 3048 5363 ¹⁴
3076 5327 3250 5391 Apum..
3283 5341 3411 5392 xlx,
3445 5330 3495 5379 9.
3517 5354 3581 5367 -
3617 5329 3658 5364 ¹⁸
3682 5329 3846 5388 lom..

2313 5416 2407 5465 ιιι,
2433 5406 2480 5456 2.
2511 5430 2570 5443 -
2604 5404 2674 5469 (α)
2710 5403 2834 5455 Goet.
2880 5401 3003 5454 edit.
3041 5399 3329 5454 trabuntur.
3357 5427 3421 5441 —
3450 5399 3522 5467 (b)
3553 5401 3678 5453 Item
3717 5413 3848 5470 pro·

2312 5480 2479 5546 cepta.
2506 5501 2569 5513 -
2600 5475 2664 5541 (c)
2699 5473 2876 5541 Suppl.
2912 5472 3197 5528 bominum·
