4059 6317
586 434 708 500 286

584 584 794 652 usque
824 566 905 632 ad
948 564 1138 629 coelos
1166 611 1191 643 ,
1232 567 1296 628 et
1342 561 1730 628 descendunt
1789 579 1999 645 usque
2045 560 2127 626 ad

586 674 880 756 abyssos,
914 692 945 730 a>
978 675 1098 735 etc.
1144 669 1223 735 Et
1269 673 1585 755 quantum
1632 685 1809 732 nunc
1854 684 1972 751 per
2013 666 2128 731 tri-

584 780 768 861 ginta
819 776 919 842 vel
984 777 1408 861 quadraginta
1455 793 1661 840 annos
1719 773 2068 839 ascendunt
2103 819 2122 856 ,

583 889 833 950 tantum
878 883 949 948 in
999 889 1324 949 momento
1387 882 1784 948 descendent.
1848 881 2126 946 Bernar-

587 991 710 1057 dus
740 1012 756 1056 ι
793 1013 824 1052 α
851 990 1166 1056 Paulatim
1204 990 1502 1056 ascendes
1523 1038 1544 1074 ,
1582 990 1692 1054 sed
1730 1007 1861 1054 non
1903 987 2128 1073 paula-

585 1098 703 1163 tim
749 1098 1145 1165 descendes.»
1182 1100 1199 1136 ¹
1230 1122 1262 1159 <z
1284 1098 1591 1164 Videbam
1620 1098 1797 1164 enim
1822 1096 2124 1162 Satanam

589 1205 754 1271 sicut
769 1206 995 1289 fulgur
1012 1207 1339 1272 cadentem
1368 1205 1446 1272 de
1469 1206 1652 1272 coe10.
1681 1228 1713 1266 1>

651 1486 1019 1564 DOMINIGA
1062 1486 1296 1562 INFRA
1341 1485 1507 1567 OGT.
1556 1483 2061 1562 ASGENSIONIS.

1010 1691 1301 1762 SERMO
1345 1691 1699 1761 PRIMUS.

677 1855 800 1922 Vos
818 1856 1253 1923 testimonium
1260 1853 1666 1937 perhibebitis
1684 1859 1729 1933 ¹,
1760 1855 1880 1917 etc.
1904 1850 2129 1916 Perhi-

587 1965 697 2029 bet
730 1963 927 2029 homo
952 1963 1391 2028 testimonium
1427 1963 1506 2027 de
1533 1962 1778 2027 Christo
1801 2008 1822 2041 ‚
1854 1960 1932 2025 de
1956 1960 2129 2043 seip-

588 2090 691 2153 so,
731 2071 807 2137 de
851 2071 1166 2155 proximo.
1202 2069 1497 2135 Primum
1539 2074 1635 2133 est
1687 2068 2127 2133 testimonium

586 2178 916 2262 sapientiae
928 2225 950 2258 ‚
980 2176 1336 2243 secundum
1377 2175 1777 2241 conscientiae
1792 2225 1810 2256 ‚
1862 2176 2126 2241 tertium

581 2286 875 2369 justitiae.
906 2284 994 2352 De
1019 2286 1228 2370 primo
1256 2284 1487 2350 dicitur
1513 2283 1702 2350 modo
1729 2284 1798 2347 in
1827 2281 2129 2366 Evange-

592 2393 682 2458 lio
712 2411 730 2457 ε
769 2393 925 2460 Cum
967 2397 1179 2460 autem
1215 2393 1461 2460 venerit
1502 2390 1873 2459 Paraclitus
1895 2442 1912 2470 ,
1956 2394 2077 2457 etc.
2106 2439 2124 2472 ,

588 2516 796 2583 usque
854 2522 871 2565 ε
930 2501 1017 2568 Et
1051 2516 1162 2568 vos
1203 2501 1639 2578 testimonium
1691 2499 2124 2583 perhibebitis.

591 2605 833 2684 Quaerit
873 2608 1178 2674 Dominus
1215 2608 1650 2673 testimonium
1693 2625 1829 2673 non
1868 2612 2128 2692 propter

589 2730 681 2793 se,
703 2714 810 2779 sed
829 2717 1085 2798 propter
1102 2716 1441 2780 mundum.
1462 2714 1769 2797 Legimus
1781 2719 1995 2781 autem
2014 2714 2130 2781 Do·

589 2820 767 2885 mino
792 2822 1113 2905 perhiberi
1155 2823 1591 2887 testimonium
1631 2840 1767 2888 suae
1813 2821 2130 2888 credibilis

590 2928 873 2996 veritatis
896 2979 913 3011 ‚
975 2929 1365 2996 honorabilis
1424 2931 1749 3014 potestatis
1767 2978 1790 3011 ‚
1837 2929 2128 2995 amabilis

591 3037 868 3121 pietatis,
896 3038 1195 3103 terribilis
1221 3038 1596 3134 severitatis.

672 3144 761 3209 De
802 3144 1009 3227 primo
1039 3149 1061 3185 ⁸
1094 3168 1108 3210 :
1148 3168 1179 3207 α
1209 3144 1324 3209 Hic
1349 3145 1621 3210 venitin
1645 3143 2084 3210 testimonium
2101 3192 2124 3224 ,

593 3253 669 3316 ut
690 3251 1158 3333 testimonium,
1191 3272 1223 3313 1»
1251 3256 1371 3317 etc.
1400 3249 1690 3346 Luminis
1734 3251 1967 3316 divinae
2013 3269 2127 3319 ve-

594 3358 798 3423 ritatis
825 3377 956 3423 non
982 3360 1191 3424 solum
1218 3361 1526 3440 doctoreS,
1557 3360 1667 3425 sed
1694 3359 1885 3424 etiam
1907 3377 2129 3425 omnes

594 3465 811 3531 fideles
849 3466 1082 3532 debent
1115 3472 1304 3533 testes
1348 3485 1482 3532 esse
1521 3484 1637 3551 per
1678 3465 1869 3531 fldem
1890 3488 1917 3545 y:
1957 3466 2129 3532 unde

597 3574 755 3640 fides
781 3575 1087 3641 catholica
1117 3580 1211 3641 est
1247 3575 1405 3641 illud
1442 3574 1640 3640 altare
1672 3573 1957 3639 miriflcae
1987 3593 2127 3639 ma-

596 3683 951 3765 gnitudinis
988 3732 1006 3763 ,
1064 3683 1236 3768 quod
1284 3682 1632 3748 vocabatur
1693 3683 2130 3749 testimonium

594 3795 905 3871 nostrum,
936 3788 1107 3873 quod
1126 3790 1433 3857 Dominus
1459 3791 1598 3872 ipse
1631 3789 1722 3855 sit
1752 3791 1941 3866 Deus,
1965 3789 2132 3854 sicut

576 3897 827 3963 'dicitur
891 3898 936 3962 θ.
1010 3896 1145 3962 Hoc
1208 3896 1405 3962 altare
1464 3899 1558 3961 tot
1610 3895 1802 3961 habet
1849 3894 2090 3979 lapides
2107 3944 2126 3976 ,

593 4009 755 4090 quot
778 4005 1123 4071 credentes
1154 4000 1235 4069 Et
1259 4021 1411 4070 vere
1450 3993 1743 4067 mirificae
1789 4002 2130 4084 magnitu-

589 4113 760 4179 dinis
798 4117 893 4180 est
942 4111 1065 4177 hoc
1106 4110 1303 4177 altare
1325 4157 1342 4191 ,
1396 4113 1532 4174 tam
1572 4109 1645 4174 in
1689 4108 2126 4192 longitudine,

588 4237 786 4303 quam
803 4219 871 4284 in
888 4218 1222 4284 latitudine
1234 4222 1298 4284 et
1324 4216 1770 4303 profunditate,
1789 4216 1940 4300 quia
1957 4222 1978 4258 ⁸
2000 4240 2033 4277 (ι
2047 4218 2126 4282 fi-

590 4326 702 4393 des
739 4327 999 4410 attingit
1039 4326 1355 4393 inaccessa
1371 4374 1390 4407 ,
1430 4325 1844 4409 deprehendit
1872 4326 2126 4409 ignota,

590 4433 1070 4519 comprehendit
1092 4435 1408 4499 immensa
1421 4481 1442 4513 ,
1472 4432 1888 4518 apprehendit
1909 4434 2131 4500 novis-

590 4540 789 4624 sima,
830 4542 1034 4625 ipsam
1079 4541 1352 4625 denique
1390 4540 1811 4605 aeternitatem
1855 4557 1974 4604 suo
2017 4539 2128 4605 illo

588 4645 891 4714 latissimo
900 4649 1045 4713 sinu
1057 4666 1314 4732 quoquo
1323 4645 1511 4723 modo
1523 4646 1959 4712 circumcludit
1973 4647 2119 4730 (0).»

591 4749 660 4821 Si
686 4773 846 4839 ergo
864 4803 882 4837 ,
912 4755 1293 4834 charissimi,
1322 4753 1757 4820 testimonium
1783 4753 2129 4838 perhibetis

592 4862 947 4929 delumine
964 4910 982 4944 ,
1012 4863 1239 4927 nonin
1278 4861 1590 4942 tenebris,
1630 4860 1742 4926 sed
1768 4861 1844 4943 ,in
1879 4861 2144 4958 lumine·

593 4969 938 5046 ambulate.
966 4967 1091 5034 Sed
1117 4968 1304 5033 multi
1330 4986 1462 5033 non
1486 4967 1750 5032 luminis
1768 5015 1791 5048 ‚
1818 4968 1928 5034 sed
1956 4974 2127 5037 tene-

591 5073 857 5146 brarum
874 5126 892 5160 ,
932 5096 1065 5144 non
1104 5076 1423 5154 veritatis,
1464 5075 1576 5142 sed
1622 5076 1912 5142 falsitatis
1947 5078 2126 5143 testi-

592 5189 884 5256 monium
923 5187 1051 5255 Deo
1097 5188 1251 5272 dant
1268 5234 1294 5268 ‚
1338 5187 1456 5271 qui
1499 5186 2008 5268 inconvenientia
2049 5187 2129 5254 de

655 5354 671 5384 ¹
697 5353 837 5416 Luc„
861 5363 929 5416 x,
965 5354 1042 5403 18.
1070 5373 1134 5389 -
1162 5350 1186 5386 ²
1224 5351 1388 5414 Joan„
1428 5361 1517 5414 xv,
1548 5351 1634 5402 27.
1660 5376 1725 5389 -
1748 5349 1772 5387 ⁸
1796 5349 1963 5415 lom„
1992 5363 2044 5414 1,
2075 5351 2123 5401 7.

589 5447 655 5468 --
678 5426 702 5464 δ
722 5424 852 5487 Ιοε.,
879 5434 1024 5490 xxn,
1050 5424 1133 5477 34.
1154 5449 1212 5463 --
1238 5421 1263 5460 ⁸
1280 5423 1456 5488 Rern„
1483 5423 1538 5474 in
1556 5423 1728 5489 caut„
1750 5435 1910 5476 serm.
1941 5429 2125 5487 nxxxr,

1682 423 2098 494 SERMONES
2138 424 2242 492 DE
2281 421 2669 492 TEMPORE.

2230 560 2359 626 Deo
2411 561 2773 639 affirmant,
2841 559 3007 625 sicut
3053 560 3339 627 haeretici
3360 610 3378 643 ,
3435 561 3718 645 sortilegi
3738 611 3763 645 ,

2229 668 2622 754 blasphemi,
2652 670 2896 754 perjuri
2918 718 2937 751 ,
2967 673 3374 755 quaestuarii,
3420 676 3484 738 et
3525 673 3764 757 hujus-

2231 775 2432 856 modi,
2464 776 2577 860 qui
2602 795 2732 841 non
2758 794 2950 857 vera,
2980 778 3091 844 sed
3122 779 3278 844 falsa
3313 783 3535 846 contra
3562 780 3764 850 Deum

2230 886 2562 956 testantur.
2593 883 2773 949 Unde
2799 883 3010 950 adhuc
3035 884 3225 951 hodie
3250 886 3374 952 dici
3405 891 3614 970 potest
3640 888 3765 954 Do·

2229 991 2409 1058 mino
2434 991 2595 1058 illud
2622 992 2645 1028 ⁸
2677 1013 2691 1055 ε
2726 991 2914 1058 «Non
2943 993 3128 1058 audis
3154 998 3394 1078 quanta
3421 995 3764 1062 adversum

2231 1104 2294 1164 te
2339 1099 2560 1166 dicunt
2600 1099 2999 1196 testimonia?
3020 1122 3054 1161 n
3089 1100 3345 1167 Talibus
3390 1103 3766 1170 testimoniis

2231 1226 2301 1274 se
2330 1208 2602 1288 laedunt,
2631 1225 2765 1274 non
2797 1208 3023 1274 Deum.
3058 1207 3127 1273 Si
3152 1227 3377 1293 pugno
3403 1210 3767 1278 columnam

2231 1315 2439 1395 teriaS,
2465 1319 2556 1398 te,
2579 1334 2713 1382 non
2740 1316 3106 1382 columnam
3130 1315 3322 1383 laedes
3353 1340 3370 1383 ε
3397 1319 3489 1383 sic
3507 1318 3765 1403 quando

2231 1425 2626 1509 blasphemia
2642 1425 2846 1491 Deum
2871 1425 3170 1510 percutis,
3191 1427 3470 1511 teipsum
3494 1428 3765 1494 (113111111-

2231 1531 2352 1613 pis.
2396 1532 2520 1598 Sed
2549 1539 2715 1598 certe
2743 1533 2890 1598 licet
2927 1551 3106 1598 nunc
3136 1532 3303 1600 Deus
3338 1537 3572 1613 taceat,
3603 1534 3765 1598 sicut

2231 1639 2302 1703 in
2326 1641 2638 1723 passione,
2671 1642 2808 1724 ipse
2831 1646 3044 1707 tamen
3073 1660 3302 1708 verum
3330 1642 3765 1714 testimonium

2230 1746 2391 1812 feret
2416 1750 2636 1813 contra
2674 1746 2904 1832 impios
2942 1747 3013 1812 in
3049 1749 3292 1832 judicio
3310 1798 3332 1829 ,
3374 1751 3487 1833 qui
3526 1749 3759 1815 misum

2233 1858 2456 1922 contra
2469 1855 2684 1939 ipsum
2693 1856 2913 1920 dicunt
2928 1855 3359 1922 testimonium
3370 1857 3439 1920 in
3455 1856 3729 1922 mundo⁷
3745 1878 3761 1920 ε

2242 1986 2273 2026 α
2296 1964 2597 2029 Accedam
2619 1965 2700 2031 ad
2719 1981 2835 2030 vos
2858 1963 3211 2046 injudicio,
3240 1968 3305 2029 et
3324 1981 3435 2032 ero
3461 1964 3640 2030 testis
3662 1982 3769 2031 ve-

2230 2070 2343 2138 lox
2367 2071 2670 2137 malefleis
2686 2117 2705 2154 ,
2734 2074 2800 2136 et
2824 2070 3129 2137 adulteris
3154 2120 3174 2154 ,
3223 2072 3501 2156 perjuris
3520 2120 3542 2152 ,
3575 2095 3605 2132 »
3642 2074 3761 2136 etc.

2313 2178 2400 2243 De
2426 2179 2704 2245 secundo
2731 2183 2756 2220 ⁸
2787 2198 2805 2244 ε
2847 2202 2879 2242 σι
2905 2178 3367 2246 Testimonium
3392 2179 3770 2263 perhibebat

2233 2286 2292 2351 ei
2321 2287 2544 2366 turba,
2578 2304 2724 2367 quae
2764 2289 2902 2352 erat
2944 2304 3094 2352 cum
3130 2304 3206 2351 eo
3228 2335 3248 2368 ,
3290 2286 3546 2370 quando
3573 2285 3764 2352 Laza-

2232 2412 2381 2459 rum
2407 2394 2663 2460 vocavit
2706 2393 2788 2459 de
2830 2397 3278 2473 monumento,
3330 2398 3395 2458 et
3439 2393 3768 2460 suscitavit

2234 2520 2385 2568 eum
2409 2521 2450 2568 a
2475 2505 2678 2566 morte
2712 2523 2728 2566 :
2768 2505 3101 2585 propterea
3132 2505 3198 2567 et
3221 2500 3484 2566 obviam
3508 2499 3687 2567 venit
3710 2500 3769 2565 ei

2233 2610 2426 2676 turba
2447 2659 2463 2691 ,
2503 2631 2535 2671 n
2565 2609 2801 2675 scilicet
2853 2628 3004 2676 cum
3053 2609 3273 2675 ramis.
3319 2609 3559 2691 Magna
3601 2610 3769 2673 certe

2233 2717 2515 2801 potentia
2539 2716 2823 2784 animam
2848 2718 2927 2782 de
2950 2717 3201 2796 inferis,
3226 2733 3457 2801 corpus
3485 2716 3567 2782 de
3590 2732 3764 2780 mor-

2236 2826 2361 2889 tuis
2387 2825 2676 2912 educere.
2709 2823 2908 2890 Multa
2951 2827 3119 2890 certe
3158 2824 3503 2907 majestatis
3532 2823 3767 2892 divinae

2234 2933 2458 2999 habuit
2486 2932 2769 2997 Christus
2793 2930 3176 3012 testimonia,
3205 2949 3337 3016 non
3363 2930 3573 2995 solum
3597 2931 3771 2998 adul-

2235 3043 2341 3105 tus
2357 3086 2380 3119 ‚
2411 3039 2520 3106 sed
2545 3039 2755 3105 adhuc
2789 3038 3003 3103 infans
3023 3086 3043 3120 ,
3081 3042 3301 3122 utpote
3341 3057 3384 3103 a
3421 3037 3664 3104 Joanne
3701 3039 3772 3106 in

2234 3150 2417 3213 utero
2448 3194 2466 3225 ,
2516 3166 2556 3211 a
2594 3137 2799 3227 Magis
2842 3145 2912 3208 in
2960 3144 3209 3211 stabulo
3226 3191 3243 3225 ,
3277 3163 3318 3210 a
3360 3144 3656 3211 Simeone
3702 3146 3773 3220 in

2235 3253 2492 3335 templo.
2537 3251 2942 3333 Augustinus
2991 3274 3007 3318 ε
3046 3274 3079 3313 α
3103 3251 3254 3318 Haec
3285 3256 3437 3318 sunt
3479 3254 3773 3321 testimo-

2234 3361 2346 3425 nia
2367 3363 2502 3440 tua,
2527 3359 2794 3425 Domine
2811 3357 2959 3424 lesu
2984 3357 3249 3446 Christe,
3279 3363 3625 3443 antequam
3647 3361 3764 3428 tibi

2236 3467 2745 3532 substerneretur
2766 3466 3003 3531 fluctus
3021 3465 3238 3547 mariS,
3258 3467 3464 3551 campi
3484 3467 3775 3536 cederent

2235 3574 2575 3658 imperanti
2598 3620 2616 3653 ,
2650 3577 2993 3658 antequam
3020 3577 3254 3641 ventus
3276 3577 3340 3640 te
3370 3574 3643 3656 ¹iubente
3677 3575 3775 3640 si-

2209 3683 2498 3766 luisset,
2537 3682 2642 3750 vel
2691 3682 2931 3747 mortui
2972 3685 3036 3748 te
3072 3684 3341 3747 vocante
3388 3682 3769 3750 resurrexis-

2237 3794 2378 3857 sent
2393 3839 2410 3872 ,
2461 3789 2558 3856 sol
2601 3792 2666 3855 te
2710 3789 3023 3856 moriente
3064 3789 3391 3874 palluisset
3404 3837 3424 3873 ,
3463 3795 3528 3857 te
3557 3808 3770 3858 resur-

2239 3901 2432 3979 gente
2465 3901 2637 3966 terra
2678 3897 3079 3975 tremuisset,
3128 3895 3364 3962 coelum
3399 3897 3775 3964 ascendente

2236 4003 2565 4088 patuisset.
2594 4025 2626 4064 1>
2656 4003 2818 4070 Nota
2838 4052 2861 4085 ‚
2889 4004 2943 4069 si
2968 4003 3165 4069 ramis
3188 4004 3565 4087 honoratur,
3596 4005 3710 4088 qui
3735 4022 3772 4069 a

2239 4116 2446 4178 morte
2479 4111 2760 4195 corporis
2788 4111 3118 4177 suscitavit
3142 4110 3456 4178 Lazarum
3478 4159 3499 4194 ,
3533 4116 3773 4196 quanto

2238 4219 2446 4302 magis
2471 4218 2671 4284 ramis
2695 4219 3019 4284 bonorum
3044 4235 3313 4303 operum
3333 4219 3650 4286 honorare
3674 4221 3775 4287 de-

2236 4326 2349 4391 bes
2373 4344 2524 4392 eum
2551 4326 2664 4411 qui
2697 4344 2736 4390 a
2785 4330 2993 4392 morte
3034 4325 3267 4392 animae
3306 4327 3568 4392 suscitat
3611 4327 3773 4412 teip-

2236 4453 2384 4521 sum
2402 4436 2435 4497 ¹?
2464 4434 2620 4500 Item
2649 4433 2704 4497 si
2729 4433 2822 4499 sic
2846 4450 2964 4517 pro
2989 4450 3121 4499 11110
3148 4432 3448 4499 suscitato
3486 4451 3642 4498 cum
3665 4452 3772 4499 ra-

2236 4542 2360 4607 mis
2383 4541 2640 4610 obviam
2659 4542 2791 4606 itur
2816 4540 3086 4622 Christ0,
3113 4542 3370 4625 quantis
3394 4559 3555 4624 ergo
3577 4543 3774 4608 ramis

2237 4649 2554 4716 bonorum
2586 4666 2854 4733 operum
2881 4665 3134 4716 necesse
3162 4654 3256 4714 est
3290 4648 3352 4714 ei
3375 4649 3635 4716 obviam
3661 4668 3774 4716 ea-

2236 4759 2369 4835 tur,
2415 4756 2529 4840 qui
2575 4759 2785 4822 totum
2812 4756 3129 4847 mundum
3164 4755 3235 4819 in
3279 4754 3380 4821 die
3422 4756 3772 4824 novissimo

2237 4864 2611 4930 suscitabit?
2641 4864 2766 4932 Sed
2794 4868 2962 4930 certe
2986 4881 3208 4929 ramus
3231 4862 3386 4928 boni
3411 4865 3623 4947 operis
3666 4883 3774 4932 ac-
3877 4919 3882 4925 .
4015 4871 4024 4880 ’

2237 4975 2456 5055 ceptus
2495 4972 2745 5038 Christo
2784 4991 2917 5039 non
2952 4976 3048 5039 est
3057 5019 3081 5053 ,
3129 4970 3257 5036 nisi
3300 4988 3415 5054 per
3455 4969 3772 5055 Spiritum

2238 5081 2530 5147 sanctum
2547 5129 2570 5162 ,
2615 5081 2780 5147 sicut
2822 5082 3147 5164 figuratur
3172 5086 3219 5162 ⁰,
3249 5080 3361 5146 ubi
3400 5098 3623 5146 ramus
3644 5127 3648 5131 -
3660 5099 3776 5170 per

2237 5294 2290 5332 n.
2307 5280 2856 5350 6.-⁸Mattk.,xxv11,
2880 5285 3023 5335 13.—
3043 5281 3063 5317 ⁷
3092 5281 3301 5347 Macae„
3328 5285 3465 5348 311,5.
3485 5282 3584 5322 —⁸
3604 5285 3774 5346 Joan„

2236 5363 2357 5477 (31ξᾶ
2359 5355 2441 5477 ἔτ.
2467 5379 2531 5394 —
2564 5353 2589 5391 θ
2622 5355 2767 5419 Gen„
2793 5367 2909 5420 vm,
2939 5357 3016 5408 Η.
3043 5380 3109 5394 -
3136 5353 3210 5421 (α)
3239 5353 3364 5406 Coet.
3397 5354 3521 5409 edit.
3551 5355 3772 5407 circum·
