4059 6317
942 481 1025 549 lN
1069 464 1663 551 cmcuncislous
1704 465 2004 551 nomm.
2049 479 2311 550 Sanno
2354 469 2432 550 11.
3186 473 3265 549 os

187 619 287 700 ait,
323 624 373 686 ct
404 620 658 685 ardente
684 618 876 698 coelo,
904 618 1166 684 ardente
1190 621 1383 699 terra,
1416 635 1635 684 corus-

188 727 405 794 antibus
441 727 651 792 electis
693 744 845 791 cum
872 726 1168 807 Angelis,
1191 724 1634 808 Archangelis,

186 853 290 901 eum
313 834 554 899 Thronis
576 837 643 897 et
668 832 1239 911 nominationibus,
1268 851 1418 897 cum
1456 831 1639 897 Prin-

184 941 371 1025 cipibus
389 945 445 1005 et
477 939 920 1018 potestatibus,
945 939 1405 1004 tremebundus
1434 938 1642 1004 Iudex

182 1050 515 1133 apparebit.»
547 1048 709 1113 Item
742 1048 1111 1114 daemonum
1149 1047 1352 1113 millia
1389 1052 1577 1113 erunt
1603 1066 1644 1113 a

182 1157 408 1220 sinistris.
433 1156 477 1221 Ο
516 1173 716 1238 quam
750 1158 1045 1238 angustas
1091 1159 1279 1220 erunt
1324 1159 1479 1220 tunc
1516 1155 1642 1221 viae

179 1264 561 1345 reproborum!
593 1265 612 1300 ¹
636 1286 668 1324 ι
696 1262 1011 1345 Superius
1030 1262 1153 1327 erit
1172 1261 1373 1345 judex
1400 1263 1639 1341 iratus3

180 1370 389 1435 inferius
405 1369 791 1436 horrendum
821 1369 1013 1435 chaos
1037 1370 1290 1434 inferni.
1320 1369 1378 1434 A
1405 1369 1644 1434 dextris

180 1481 375 1557 poeoeta
395 1477 754 1542 accusantia
782 1499 803 1556 ;
830 1496 873 1541 a
894 1477 1166 1541 sinistris
1192 1480 1380 1541 erunt
1396 1476 1647 1541 infinita

177 1582 429 1649 daemonia
461 1584 543 1648 ad
586 1584 900 1667 supplicia
936 1585 1270 1648 trahentia.
1307 1606 1338 1643 ι»
1371 1581 1443 1647 Si
1472 1583 1647 1648 enim

178 1690 235 1753 ad
255 1690 647 1756 obsessionem
690 1692 888 1756 unius
926 1691 1211 1756 hominis
1239 1691 1535 1756 convenit
1553 1689 1644 1756 le-

173 1797 276 1878 gio,
300 1797 355 1863 id
373 1803 482 1876 est,
514 1817 637 1863 sex
669 1798 874 1863 millia
896 1816 1009 1863 sex
1034 1802 1292 1863 centum
1315 1797 1651 1879 sexaginta

175 1921 287 1982 ιω
316 1910 534 1986 quanta
578 1904 787 1969 millia
823 1909 1010 1988 putas
1052 1908 1347 1982 ventura,
1380 1903 1495 1969 ubi
1519 1920 1651 1967 non

173 2011 667 2079 unumhominem
694 2017 968 2091 tantum,
988 2014 1099 2078 sed
1124 2010 1653 2078 innumerabilem

174 2120 461 2185 excretum
486 2121 844 2204 impiorum
868 2121 937 2184 in
952 2127 1324 2204 perpetuam
1346 2118 1655 2201 accipient

173 2229 575 2308 monem
591 2232 626 2293 ⁴?
675 2230 923 2307 Quanta
967 2233 1186 2295 autem
1237 2229 1320 2293 sit
1370 2226 1655 2293 celeritas

172 2335 553 2418 apparitionis,
586 2337 826 2401 dicitur
851 2338 915 2399 ¹:
955 2359 987 2398 α
1012 2336 1188 2402 Sicut
1219 2336 1390 2400 enim
1431 2334 1655 2416 fulgur

171 2443 271 2505 exit
289 2443 359 2506 ab
384 2444 625 2509 oriente
648 2461 860 2526 usque
885 2443 954 2507 in
983 2443 1397 2522 occidentem,
1424 2442 1516 2506 ita
1536 2442 1657 2506 erit

171 2546 427 2615 adventus
451 2550 601 2614 Filii
624 2549 931 2615 hominis.
956 2571 989 2610 o

230 2654 299 2720 De
332 2662 547 2740 quarto
592 2662 616 2699 ⁸
667 2680 684 2721 ε
725 2679 760 2717 ει
786 2657 944 2721 Cum
989 2655 1272 2721 Christus
1295 2656 1659 2739 apparuerit

177 2761 271 2826 vita
303 2770 506 2829 nostra
525 2812 543 2843 ,
586 2769 754 2830 tunc
798 2768 864 2828 et
912 2781 1030 2829 vos
1081 2764 1461 2848 apparebitis
1510 2783 1656 2830 cum

177 2866 278 2950 ipso
308 2872 369 2935 in
392 2871 616 2954 gloria.
652 2894 689 2934 n
719 2871 881 2936 Item
899 2872 966 2933 *ε
996 2894 1029 2933 α
1056 2871 1307 2937 Scimus
1330 2871 1654 2954 quoniam,

176 2994 290 3040 com
310 2980 695 3062 apparuerit,
723 2978 964 3043 similes
988 2980 1050 3043 ei
1076 2978 1336 3057 erimus,
1357 2979 1657 3062 quoniam

174 3082 476 3150 videbimus
502 3104 665 3151 eum
694 3084 887 3150 sicuti
914 3088 1032 3149 est.
1058 3107 1091 3145 n
1124 3090 1148 3125 ⁸
1170 3084 1479 3165 satiabor,
1511 3104 1660 3151 cum

170 3193 481 3272 apparuerit
508 3192 727 3274 gloria
750 3196 889 3258 tua.
920 3213 954 3252 ι»
994 3191 1069 3256 Ιιι
1091 3191 1197 3256 his
1217 3192 1426 3257 tribus
1449 3197 1662 3259 aucto-

168 3296 412 3365 ritatibus
424 3347 448 3380 ,
491 3301 898 3386 promittitur
938 3299 1125 3365 nobis
1161 3301 1230 3364 in
1279 3300 1392 3364 illa
1424 3304 1665 3365 aeterna

166 3409 508 3486 apparitione
532 3408 917 3485 similitude,
944 3407 1079 3472 vita
1103 3412 1167 3472 et
1190 3408 1468 3473 satietas.
1500 3407 1661 3472 Pro-

20 3485 23 3606 ζ
164 3512 320 3577 mittit
346 3515 527 3579 nobis
567 3515 856 3581 Joanues
898 3514 1400 3591 similitudinem,
1428 3514 1667 3581 Paulus

166 3617 347 3699 vitam,
372 3621 573 3688 David
599 3623 980 3688 satietatem.
1011 3620 1107 3686 Ibi
1133 3621 1255 3687 erit
1287 3622 1461 3687 enim
1488 3622 1664 3687 simi-

170 3722 333 3791 limo
349 3727 417 3791 in
444 3729 847 3810 cognitione,
873 3729 1005 3793 vita
1024 3729 1095 3792 in
1118 3728 1470 3807 dilectione,
1489 3732 1668 3796 satie-

169 3835 242 3895 tas
272 3834 332 3897 in
360 3836 695 3902 fruitione.
743 3837 1151 3918 Augustinus
1177 3838 1201 3873 ⁸
1229 3859 1246 3902 ι
1284 3860 1316 3899 α
1337 3837 1386 3903 Ο
1414 3838 1667 3921 quando

161 3940 351 4007 videbo
376 3945 705 4026 gaudium
742 3961 964 4009 meum
989 3962 1336 4027 magnum,
1364 3946 1535 4029 quod
1555 3946 1662 4011 de-

162 4045 332 4115 fflere
354 4058 368 4114 !
394 4051 443 4118 Ο
469 4053 525 4116 si
554 4052 870 4130 satiabor,
894 4069 1045 4117 cum
1072 4053 1435 4136 apparuerit
1461 4052 1669 4134 gloria

161 4155 505 4241 eiusquam
534 4160 800 4224 esurio!
830 4158 1667 4224 Osiinebriaborabuber-

161 4262 1382 4349 latcdomustuaeadquamsuspirol»

693 4443 985 4518 SERMO
1026 4444 1113 4513 11.

221 4586 549 4675 Postquam
578 4590 1020 4656 consummati
1043 4593 1195 4655 sunt
1222 4586 1358 4654 diss
1398 4590 1563 4666 octo,
1599 4591 1671 4654 ut

160 4696 930 4779 cirmcidereturpuer'ss
946 4700 1063 4762 etc.
1092 4696 1250 4762 Cum
1270 4695 1480 4760 omnis
1500 4693 1671 4759 Chri-

158 4801 225 4864 sti
241 4805 390 4870 aetio
412 4810 649 4871 nosti-a
675 4804 759 4868 sit
782 4803 1136 4881 instructio,
1165 4804 1307 4884 ejus
1331 4802 1672 4885 corporalis

156 4906 515 4976 circumcisio
564 4915 864 4975 nostram
903 4910 1296 4994 spiritualem
1328 4908 1665 4990 significat.

157 5009 685 5085 (basidemdnm
710 5021 925 5082 autem
948 5036 987 5082 a
1012 5036 1165 5101 quo,
1200 5022 1265 5082 et
1289 5035 1443 5100 que,
1467 5036 1672 5101 quan-

158 5118 244 5198 do,
267 5140 381 5205 pro
414 5143 549 5209 qm>
594 5125 683 5188 flt
725 5124 1118 5190 circumcisio
1167 5123 1531 5207 spiritualis.
1575 5123 1675 5189 Fit

208 5249 407 5314 Greg„
436 5250 660 5312 Hor-al„
692 5249 784 5301 lib.
816 5250 938 5312 vn,
963 5263 1010 5301 c.
1035 5261 1145 5320 xlv,
1172 5249 1238 5300 al.
1272 5261 1448 5314 xxxu,
1475 5263 1528 5301 ιι.
1565 5253 1673 5302 141.

159 5318 882 5386 -¹1affl2.„xxrv27.—³
909 5287 1677 5426 coloss„',.⁷⁴1114—1Joan.‚

161 5360 593 5452 111‚.2-⁸'Pml.
627 5404 760 5456 xm,
793 5395 867 5444 15.
895 5418 956 5432 -
984 5395 1183 5459 ‘Aug.‚
1203 5419 1266 5431 —
1294 5395 1476 5456 ⁷Luc.,
1501 5406 1565 5459 11,
1592 5398 1670 5445 21.

161 5459 521 5529 -¹Deut.,x,
552 5467 645 5516 18.
671 5465 931 5529 -01sa.,
955 5476 992 5529 1
1020 5466 1096 5517 16
1124 5492 1186 5504 -
1212 5464 1670 5529 Exod.,v1,30.

406 5571 563 5618 ἹὉΙί.
611 5571 760 5617 xm.

1740 621 1956 684 autem
2003 637 2045 683 a
2087 620 2396 702 praeputio
2445 607 2750 704 nequitiae
2773 665 2790 698 ,
2842 614 3266 683 instrumento

1742 726 2153 808 poeniteutiae‚
2194 730 2477 810 tempore
2521 727 2811 810 pueritiae
2829 776 2847 808 ,
2880 728 3063 810 pacto
3099 725 3266 791 ami·-

1743 833 1932 898 citiae.

1824 938 1911 1004 De
1955 939 2162 1022 primo
2206 946 2229 981 ⁸
2273 959 2292 1004 ι
2346 963 2378 1002 α
2411 940 2845 1008 circumcidite
2880 939 3267 1024 praeputium

1745 1046 1952 1113 cordis
1975 1047 2168 1111 vestri
2174 1093 2197 1127 ‚
2225 1051 2288 1112 et
2307 1066 2531 1114 aurem
2550 1051 2831 1115 vestram
2856 1065 2940 1113 ne
2965 1046 3269 1113 induretis

1746 1155 2042 1238 amplius.
2081 1174 2114 1215 υ
2157 1152 2318 1219 Nota
2357 1155 2528 1239 quod
2562 1155 2926 1220 circimcidi
2965 1155 3271 1220 debemus

1748 1261 1829 1326 ab
1842 1262 2071 1351 iniqua
2090 1262 2475 1343 cogitatione
2500 1266 2564 1328 et
2578 1262 2926 1342 voluntate,
2954 1262 3078 1326 hoc
3098 1261 3273 1327 enim

1749 1373 1846 1434 est
1869 1370 2257 1452 praeputium
2282 1369 2489 1435 cordis
2526 1376 2550 1410 ¹
2600 1392 2616 1434 :
2664 1392 2697 1430 a
2733 1370 2990 1435 Auferte
3029 1368 3272 1433 malum

1749 1478 2211 1559 cogitationum
2256 1482 2617 1544 vestrarum
2664 1478 2746 1543 ab
2783 1477 2981 1544 oculis
3022 1477 3206 1542 meis.
3235 1497 3267 1535 ι

1753 1581 1931 1648 Oculi
1973 1586 2147 1650 enim
2192 1584 2302 1650 Dei
2346 1585 2564 1651 vident
2611 1603 2833 1651 omnes
2869 1583 3279 1667 cogitationes

1752 1691 1999 1753 nostras
2026 1688 2226 1753 malas
2257 1692 2322 1753 et
2345 1689 2564 1754 bonaS.
2609 1689 2766 1754 Item
2792 1689 2873 1752 ab
2899 1688 3155 1753 incauta
3179 1685 3275 1751 lo-

1753 1794 2022 1874 cutione,
2045 1799 2262 1860 contra
2286 1795 2458 1877 quod
2483 1794 2732 1878 Moyses
2748 1794 3159 1877 conqueritur
3185 1795 3231 1834 ¹⁰
3257 1817 3272 1855 ε

1764 1923 1796 1962 c
1814 1900 1911 1965 En
1944 1901 2422 1967 incircumcisus
2454 1900 2640 1965 labiis
2664 1917 2833 1966 sum.
2864 1923 2895 1960 ι)
2931 1900 3108 1965 Hauc
3154 1901 3278 1964 cir-

1756 2008 2205 2073 cumcisionem
2249 2008 2429 2074 docet
2466 2008 2802 2092 Apostolus
2841 2011 2883 2045 ¹¹
2934 2029 2951 2073 t
2991 2031 3022 2070 a
3065 2008 3285 2075 Omnis

1758 2132 1969 2180 sermo
1995 2114 2204 2180 malus
2229 2114 2309 2179 de
2342 2133 2454 2180 ore
2479 2119 2690 2180 vestro
2728 2133 2860 2180 non
2903 2115 3216 2198 procedat.
3245 2136 3277 2175 n

1761 2219 1918 2287 Item
1944 2240 1985 2285 a
2019 2223 2214 2287 surda
2245 2222 2695 2302 obduratione,
2730 2221 2985 2305 quando
3027 2220 3288 2303 quidam

1760 2328 1992 2394 nolunt
2011 2330 2236 2395 audire
2261 2348 2472 2413 neque
2505 2329 2760 2395 obedire
2774 2378 2793 2410 ,
2826 2329 2905 2394 de
2929 2327 3168 2411 quibus
3192 2328 3235 2363 ¹⁸
3266 2342 3284 2389 ε

1771 2459 1802 2498 α
1826 2437 1998 2501 Dura
2033 2439 2276 2504 cervice
2309 2443 2373 2503 et
2408 2438 2863 2504 incircumcisis
2901 2436 3195 2502 cordibus
3227 2437 3292 2499 et

1762 2546 2048 2624 auribus,
2079 2565 2196 2612 vos
2220 2565 2471 2632 semper
2508 2546 2770 2631 Spiritui
2795 2551 3011 2611 sancto
3046 2543 3288 2610 resisti-

1762 2653 1865 2717 tis.
1895 2674 1926 2713 »
1958 2654 2154 2719 Auris
2186 2673 2347 2737 ergo
2372 2655 2514 2719 talis
2541 2655 2595 2718 si
2633 2672 2766 2719 non
2795 2652 3292 2728 circumciditur,

1764 2762 1919 2823 tunc
1954 2762 2129 2843 juste
2171 2761 2384 2843 gladio
2419 2760 2589 2827 Petri
2636 2761 3010 2845 percutitur.
3057 2758 3215 2828 ltem
3254 2776 3296 2822 a

1765 2866 2017 2932 sordida
2034 2868 2380 2952 pollutione
2404 2869 2449 2907 ¹⁸
2480 2890 2497 2934 :
2525 2892 2558 2930 α
2578 2869 2892 2935 Masculus
2918 2872 3104 2954 cujus
3128 2884 3296 2952 prae-

1766 2975 1927 3057 putii
1966 2994 2114 3041 caro
2155 2994 2285 3042 non
2319 2976 2511 3043 fuerit
2535 2977 2928 3057 circumcisa,
2960 2998 2992 3036 ι
3017 2979 3135 3042 etc.
3167 2976 3297 3041 Au·

1768 3083 2072 3165 gustinus
2098 3082 2140 3119 ¹⁴
2173 3108 2187 3149 ε
2229 3109 2261 3146 (ι
2299 3085 2704 3151 circumcisio
2731 3084 2958 3150 Christi
2984 3083 3138 3167 quid
3166 3088 3291 3163 est,

1768 3192 1889 3256 nisi
1915 3194 2167 3258 castitas
2192 3198 2439 3275 nostra,
2481 3213 2610 3278 qua
2649 3193 2817 3259 Deus
2852 3193 3195 3258 delectatur
3228 3192 3297 3256 in

1767 3300 2134 3366 novissimis
2168 3302 2597 3385 temporibus?
2638 3324 2670 3362 n
2722 3298 2940 3366 Prima
2978 3317 3139 3382 ergo
3167 3299 3298 3364 cir-

1771 3409 2072 3473 cumcisio
2096 3410 2167 3473 in
2191 3410 2401 3489 corde,
2432 3408 2708 3474 secunda
2736 3409 2807 3473 in
2841 3426 2975 3488 ore,
3009 3407 3194 3472 tertia
3228 3406 3300 3470 in

1770 3535 1950 3598 aure,
1975 3522 2202 3601 quarta
2225 3519 2294 3582 in
2319 3535 2507 3603 opere
2532 3518 2627 3582 fit.

1851 3624 1941 3690 De
1966 3626 2244 3691 secundo
2268 3626 2314 3662 ²⁸
2345 3647 2363 3691 ε
2402 3649 2434 3688 c
2460 3624 2744 3690 Occurrit
2766 3623 2828 3688 ei
2864 3622 3170 3689 Dominus
3186 3667 3206 3699 ,
3234 3625 3302 3686 et

1772 3731 1978 3798 voluit
2001 3734 2285 3799 occidere
2310 3752 2461 3800 eum
2478 3781 2495 3813 ,
2545 3756 2579 3796 n
2607 3733 2843 3798 scilicet
2876 3731 3167 3816 Moysen,
3197 3729 3302 3796 vel

1772 3837 1982 3903 filium
2033 3842 2175 3922 ejus
2191 3888 2214 3920 ,
2266 3843 2341 3904 ut
2394 3840 2545 3905 dicit
2584 3840 2803 3906 Glossa
2851 3837 3299 3903 interlinearis.

1785 3969 1817 4009 ι
1843 3945 2013 4011 Tulit
2038 3965 2196 4029 ergo
2224 3946 2508 4030 Sephora
2545 3948 2975 4013 acutissimam
3019 3950 3298 4030 petram,

1775 4057 1838 4118 et
1859 4052 2249 4118 circumcidit
2270 4055 2658 4138 praeputium
2679 4056 2797 4120 filii
2821 4056 2942 4120 sui.
2967 4076 2999 4116 n
3019 4054 3306 4137 sephora

1777 4160 1969 4225 fldem
1994 4160 2315 4242 significat
2339 4182 2355 4225 ε
2384 4162 2832 4245 interpretatur
2854 4164 3028 4229 enim
3050 4164 3303 4245 placens

1778 4265 2074 4334 adhoest‘t.
2113 4265 2234 4332 Per
2275 4268 2465 4334 fldem
2497 4273 2710 4335 autem
2749 4269 3140 4341 adhaerentes
3175 4269 3303 4335 Deo

1777 4375 2026 4458 placent
2060 4377 2106 4414 ¹⁶
2145 4399 2164 4443 ι
2208 4400 2239 4439 ι
2280 4377 2431 4444 Sine
2456 4380 2583 4445 fide
2615 4381 2999 4464 impossibile
3036 4384 3132 4447 est
3172 4383 3301 4445 Deo

1776 4482 2046 4566 placere.
2101 4505 2133 4545 a
2186 4483 2387 4550 Filius
2430 4487 2905 4554 incircumcisus
2950 4492 3046 4554 est
3094 4488 3304 4553 malus

1778 4591 2181 4657 christianus.
2214 4591 2400 4658 Petra
2426 4611 2694 4675 gravem
2732 4599 2797 4661 et
2829 4596 3057 4662 duram
3099 4595 3301 4679 poeni-

1777 4698 2042 4762 tentiam
2068 4698 2382 4780 significat
2428 4717 2446 4763 t
2487 4701 2628 4766 haec
2661 4705 2846 4766 acuta
2881 4706 2978 4767 est
3006 4718 3120 4785 per
3162 4717 3306 4765 con-

1777 4804 2122 4870 tritionem.
2160 4805 2323 4873 Vere
2362 4813 2621 4874 acutum
2673 4810 2858 4875 debet
2898 4828 3032 4874 esse
3065 4809 3307 4875 ferrum

1779 4912 2281 4995 compunctionis
2296 4962 2315 4994 ,
2367 4933 2499 4997 quo
2532 4934 2661 4981 nou
2705 4921 2846 4982 octo
2888 4919 3137 4982 tantum
3172 4914 3304 4980 die-

1780 5035 1951 5098 rum,
1978 5019 2088 5083 sed
2110 5019 2459 5086 multorum
2483 5040 2804 5088 annorum
2823 5022 3104 5087 abscindi
3125 5021 3310 5087 debet

1783 5127 2015 5194 auimae
2040 5129 2443 5212 praeputium.
2476 5129 2836 5198 Bernartius
2861 5132 2903 5168 ¹⁷
2930 5150 2949 5197 ε
2988 5153 3020 5192 α
3043 5129 3310 5214 Abjicite

1783 5253 1911 5291 --11
1933 5251 2136 5317 Ερὴεε.,
2162 5265 2233 5317 nr,
2260 5257 2338 5306 29.
2359 5279 2423 5292 —
2447 5255 2487 5287 ¹²
2502 5257 2637 5320 Act„
2658 5267 2751 5319 vn,
2779 5260 2858 5307 51.
2876 5256 2997 5295 -¹³
3018 5255 3157 5314 Gen..
3179 5265 3307 5319 xvn,

1785 5326 1861 5375 14.
1890 5349 1954 5361 —
1980 5323 2023 5357 ¹¹
2052 5327 2204 5388 Aug„
2231 5326 2285 5375 in
2305 5328 2469 5388 Joan„
2496 5331 2644 5379 tract.
2672 5339 2805 5394 xxx,
2833 5343 2888 5379 n.
2915 5331 2965 5392 5,
2991 5327 3161 5393 quoad
3188 5339 3308 5377 sen·

1785 5408 1996 5445 sum.—
2038 5396 2077 5430 ¹⁵
2115 5395 2300 5461 Eeb-od„
2335 5409 2404 5463 ιν,
2445 5400 2525 5463 24,
2560 5402 2641 5450 25.
2675 5426 2732 5438 -
2759 5400 2802 5435 ¹⁸
2834 5398 3006 5463 Hebr„
3040 5411 3125 5460 ΣΙ,
3163 5401 3209 5451 5.
3247 5424 3309 5436 -

1790 5468 1826 5503 ¹⁷
1857 5469 2033 5528 Rern„
2064 5465 2124 5516 de
2152 5467 2366 5531 Dium„
2390 5483 2544 5522 serm.
2578 5482 2686 5534 xiv,
2719 5485 2773 5522 n.
2803 5474 2859 5535 4,
2888 5472 3057 5537 quoad
3081 5485 3307 5524 sensum.

3001 5565 3039 5624 5
