4059 6317
23 520 30 685 1

894 452 977 518 ΙΝ
1019 448 1446 517 CATHEDRA
1481 448 1547 515 S.
1594 446 1830 516 Pss'rm
1871 449 2284 518 APOS'I'OLI.
2329 450 2592 519 SERMO
2634 453 2713 517 11.

204 612 326 657 sam
361 597 583 655 terram
599 636 619 667 ,
646 592 714 652 ut
753 588 1091 651 comederet
1121 586 1345 647 fructus
1371 599 1673 661 agrorum.
1706 606 1736 640 ι»

202 690 441 752 Excelsa
480 693 638 748 terra
672 690 761 746 est
792 686 924 767 ipsa
967 680 1249 756 Ecclesia,
1296 697 1431 756 quae
1459 678 1743 739 omnibus

199 786 362 846 terris
406 783 539 844 aliis
565 783 695 856 iam
732 780 902 840 dictis
947 779 1034 836 est
1069 775 1313 852 praelata
1329 793 1349 847 3
1400 773 1495 832 cui
1539 776 1739 833 Petrus

196 878 426 956 praefuit
437 919 459 950 ,
497 881 556 935 et
586 875 809 934 fructus
845 887 1126 945 agrorum
1161 868 1449 941 comedit,
1492 867 1738 942 quando

194 974 303 1032 sibi
325 988 436 1048 per
460 970 646 1029 fidem
670 966 944 1027 infideles
970 963 1390 1040 incorporavit,
1419 956 1520 1020 vel
1546 977 1736 1037 quan-

195 1066 273 1125 do
305 1063 598 1141 primitias
638 1066 697 1121 et
743 1060 1006 1127 decimas
1043 1074 1323 1132 agrorum
1363 1055 1622 1131 accepit,
1663 1072 1737 1115 ex

193 1161 413 1237 quibus
449 1157 707 1219 Ecclesia
733 1157 927 1215 'vitam
967 1154 1148 1214 ducit.
1189 1152 1405 1211 Dicitur
1432 1154 1632 1210 autem
1658 1151 1736 1210 de

189 1257 357 1315 Petro
383 1274 399 1314 ε
434 1254 730 1313 constiutit
756 1268 897 1323 eum,
925 1249 1068 1324 quia
1091 1249 1219 1324 ipse
1252 1246 1520 1322 quodam
1547 1246 1733 1306 modo

188 1348 564 1423 singulariter
583 1362 708 1422 pree
724 1344 942 1405 caeteris
969 1343 1178 1402 audire
1206 1340 1421 1400 meruit
1437 1347 1455 1382 ¹
1477 1358 1492 1398 ε
1519 1344 1649 1400 «Tu
1671 1356 1735 1398 es

187 1446 387 1502 Petrus
392 1485 415 1515 ,
442 1446 500 1501 et
523 1457 705 1517 super
740 1439 897 1498 hanc
935 1440 1169 1515 petram
1203 1434 1516 1495 aedificabo
1540 1433 1733 1493 Eccle-

187 1538 333 1596 siam
373 1553 604 1609 meam,
646 1539 705 1594 et
739 1534 849 1592 tibi
889 1532 1050 1591 dabo
1088 1529 1285 1589 claves
1328 1529 1499 1603 regni
1548 1529 1732 1587 coelo-

183 1647 338 1689 rum.
363 1651 397 1687 u
425 1632 550 1705 ipse
574 1629 734 1687 enim
755 1627 918 1686 solus
937 1624 1166 1685 audivit
1180 1627 1236 1682 ἐ
1266 1641 1296 1679 ι
1320 1627 1404 1683 Tu
1424 1620 1730 1681 vocaberis

183 1725 429 1800 cephas,
460 1723 629 1799 quod
651 1722 1066 1796 interpretatur
1086 1724 1265 1793 caput
1280 1719 1321 1775 ⁸.
1343 1736 1372 1772 n
1396 1720 1523 1791 lpse
1551 1716 1731 1775 etiam

179 1818 344 1876 solus
372 1817 600 1877 audivit
626 1819 650 1853 ⁸
681 1839 697 1875 .-
737 1836 766 1871 α
791 1818 913 1890 Ego
937 1831 1051 1890 pro
1078 1816 1134 1871 te
1160 1811 1403 1886 rogavi,
1434 1813 1631 1880 Petra,
1663 1812 1730 1870 ut

178 1928 302 1971 non
323 1911 563 1970 deficiat
586 1911 738 1970 fides
774 1914 913 1982 tua3
943 1911 1001 1967 et
1031 1913 1096 1967 tu
1124 1905 1450 1982 aliquando
1478 1919 1725 1964 conver-

176 2022 276 2065 sus
317 2005 609 2065 confirma
654 2004 863 2063 fratres
897 2004 1053 2061 tuos.
1094 2021 1125 2056 ιο
1173 2003 1301 2075 lpse
1340 1999 1518 2059 etiam
1560 2000 1726 2057 solus

175 2098 444 2158 audivit⁸
473 2116 490 2156 :
521 2117 549 2153 σι
575 2098 783 2158 Simon
798 2095 1057 2167 loannis,
1078 2093 1276 2167 diligis
1303 2110 1400 2152 me
1427 2092 1563 2168 plus
1579 2093 1672 2151 his
1694 2094 1725 2150 ?

173 2195 349 2252 Pasce
383 2208 526 2251 oves
563 2207 750 2250 meas.
792 2210 823 2246 w
868 2188 1031 2248 Unde
1070 2191 1263 2263 potest
1297 2187 1372 2246 de
1417 2203 1490 2245 eo
1532 2187 1720 2262 accipi

168 2285 322 2344 illud
346 2286 408 2343 ⁶:
439 2303 469 2341 ι
494 2285 653 2357 Quis,
684 2285 892 2360 putas,
922 2286 1010 2341 est
1039 2281 1237 2340 fidelis
1263 2296 1469 2339 servus
1494 2284 1552 2340 et
1575 2297 1718 2356 pru-

169 2379 350 2448 dens,
381 2395 562 2454 quem
591 2377 889 2437 constituit
913 2375 1197 2435 Dominus
1222 2390 1400 2450 super
1426 2374 1716 2433 familiam

166 2487 338 2531 suam
358 2474 388 2529 ‘i
407 2493 436 2527 n
467 2473 695 2548 Optime
719 2473 978 2529 inpetro
1007 2469 1152 2529 etin
1179 2469 1449 2545 quolibet
1473 2468 1716 2544 proelato

166 2568 610 2640 conjunguntur
643 2566 770 2624 htec
794 2564 950 2635 duo,
977 2564 1298 2638 prudentia
1324 2566 1381 2622 et
1415 2563 1711 2622 fidelitas:

163 2661 307 2738 φύε
340 2662 662 2738 prudentia
702 2662 827 2720 sine
861 2660 1146 2720 fidelitate
1188 2660 1395 2719 transit
1437 2659 1501 2717 in
1541 2659 1714 2718 mali-

162 2756 306 2815 tiam
324 2798 347 2830 ,
394 2754 503 2814 sed
537 2755 791 2814 fidelitas
827 2755 955 2814 sine
997 2753 1317 2830 prudentia
1356 2753 1616 2812 declinat
1653 2753 1716 2811 in

159 2848 487 2908 stultitiam.
545 2852 695 2908 Deus
751 2853 949 2907 autem
1001 2864 1114 2907 nec
1163 2849 1429 2922 acceptat
1475 2862 1713 2906 servum

159 2943 557 3014 malevolum,
581 2958 693 3001 nec
720 2943 897 3002 etiam
926 2943 1192 3000 stultum.
1218 2942 1398 3001 Debet
1425 2958 1566 3016 ergo
1590 2959 1712 3000 ser-

156 3054 271 3097 vus
318 3038 422 3096 Dei
466 3053 591 3096 esse
627 3037 894 3113 prudens
930 3036 996 3095 in
1040 3052 1221 3112 opere
1242 3080 1261 3110 ,
1305 3040 1360 3095 et
1407 3035 1605 3095 fidelis
1649 3036 1712 3093 in

154 3130 488 3190 intentione
503 3149 524 3204 ς
554 3131 654 3190 vel
679 3130 944 3206 prudens
969 3131 1034 3188 in
1060 3131 1330 3189 cavendo
1359 3129 1587 3188 malum
1605 3173 1625 3203 ,
1654 3133 1713 3188 et

153 3224 355 3284 fidelis
382 3224 446 3283 in
473 3224 781 3299 operando
807 3224 1069 3298 bonum3
1097 3224 1196 3282 vei
1217 3224 1483 3298 prudens
1503 3224 1567 3281 in
1596 3224 1712 3282 dis-

153 3319 496 3392 cernendo,
543 3318 649 3378 sed
686 3318 884 3377 fidelis
920 3318 983 3376 in
1024 3318 1423 3392 exequendo:
1463 3321 1523 3376 et
1564 3319 1707 3394 φύε

153 3413 290 3474 talis
315 3412 431 3471 fuit
455 3415 687 3485 Petrus,
718 3412 1015 3471 constitnit
1039 3427 1179 3470 eum
1216 3412 1500 3471 Dominus
1526 3428 1707 3488 super

0 3528 127 3570 :xem-
153 3522 404 3566 omnem
451 3510 670 3566 terram
713 3506 1000 3565 Ecclesioe.
1055 3506 1308 3565 Romani
1348 3507 1508 3564 enim
1556 3507 1705 3565 dum

0 3602 54 3633 ²¹·
154 3601 427 3676 aliquem
444 3600 558 3658 sibi
586 3600 971 3675 praeficerent,
991 3600 1115 3657 sive
1143 3599 1205 3658 in
1231 3599 1558 3672 consulem,
1579 3601 1703 3659 sive

148 3694 212 3752 in
244 3696 672 3769 imperatorem
691 3736 714 3766 ,
737 3693 849 3752 ista
877 3693 1000 3752 duo
1028 3695 1285 3753 maxime
1312 3694 1374 3750 in
1400 3709 1475 3752 eo
1503 3696 1702 3768 requi·

145 3788 392 3860 rebant,
416 3787 638 3847 scilicet
662 3787 831 3863 quod
857 3789 1009 3846 esset
1032 3787 1125 3845 vir
1150 3786 1446 3862 prudens,
1472 3803 1548 3846 ne
1573 3787 1701 3846 falli

142 3884 388 3957 posset,
432 3885 490 3940 et
525 3881 753 3953 fidelis,
799 3897 877 3940 ne
921 3897 1062 3940 suos
1094 3880 1343 3940 falleret.
1386 3884 1701 3956 Nunquam

144 3975 310 4034 enim
328 3974 528 4034 bonus
550 3980 743 4034 rector
768 3991 894 4034 esse
922 3974 1138 4050 aliquis
1162 3976 1399 4050 poterit,
1427 3977 1534 4053 qui
1559 3976 1702 4036 alte-

139 4084 212 4127 ro
239 4070 499 4128 istorum
525 4069 767 4128 carebit.
799 4072 923 4128 Duo
954 4070 1112 4128 enim
1139 4069 1254 4128 ista
1280 4071 1446 4128 omni
1470 4071 1699 4130 homini

140 4170 284 4224 sunt
316 4164 655 4224 necessaria
691 4164 772 4224 ad
809 4163 1141 4239 regendum
1180 4166 1476 4240 seipsum,
1522 4171 1579 4226 et
1617 4169 1698 4227 ad

139 4258 485 4334 regendum
522 4258 899 4333 proximum,
928 4262 994 4317 ut
1024 4274 1133 4334 per
1168 4259 1546 4334 prudentiam
1570 4277 1695 4319 non

137 4352 388 4412 fallatur
405 4394 422 4423 ‚
462 4357 521 4412 et
561 4369 670 4429 per
713 4352 1058 4411 fidelitatem
1101 4353 1270 4412 nullo
1314 4370 1519 4413 amore
1534 4397 1554 4428 ,
1601 4357 1698 4415 vel

138 4446 327 4519 odio,
368 4445 659 4522 nulloque
713 4462 957 4505 munere
1004 4451 1416 4522 corrumpatur
1430 4492 1449 4521 ‚
1491 4465 1697 4509 amore

133 4539 418 4616 pecuniae
466 4555 590 4599 non
637 4539 962 4614 frangatur.
1006 4541 1291 4615 Exempla
1329 4557 1454 4616 prae
1506 4543 1695 4602 oculis

133 4637 383 4710 patent,
415 4633 601 4693 multa
633 4638 800 4708 sunt,
832 4637 892 4693 et
914 4650 1069 4694 nova
1081 4677 1102 4708 ,
1133 4638 1193 4694 et
1216 4640 1447 4709 vetera,
1473 4641 1530 4696 et
1553 4638 1694 4697 ideo

135 4743 454 4804 apponere
471 4728 569 4786 hic
585 4744 710 4787 non
734 4728 959 4788 curavi.

207 4823 437 4893 Quarta
462 4824 620 4881 terra
643 4825 732 4882 est
754 4828 910 4883 terra
932 4824 1223 4898 superior,
1253 4839 1438 4899 quam
1466 4824 1694 4885 deside·

129 4931 349 4975 ramus
366 4957 388 4988 ,
425 4918 484 4974 et
522 4918 676 4975 terra
715 4916 842 4975 haec
886 4916 1133 4975 coelestis
1176 4916 1414 4992 patriae,
1451 4916 1528 4976 de
1572 4935 1694 4994 qua

134 5009 291 5069 dicit
317 5008 611 5084 Propheta
633 5010 657 5047 “¹
688 5028 704 5069 ε
739 5033 767 5062 α
798 5010 988 5070 Credo
1026 5011 1230 5070 videre
1263 5011 1429 5070 bona
1460 5013 1694 5071 Domini

131 5103 201 5161 in
226 5106 395 5162 terra
427 5102 773 5161 viventium.
815 5123 844 5157 ιο
890 5105 1038 5162 Vere
1070 5103 1391 5162 viventium
1414 5108 1572 5165 terra
1596 5104 1690 5163 di-

208 5251 220 5280 ·
266 5249 476 5311 unuh„
517 5262 637 5313 xvl,
663 5253 754 5317 18,
785 5253 860 5303 19.
898 5277 959 5288 —
997 5251 1016 5281 ²
1043 5251 1210 5313 loon„
1241 5262 1284 5314 1,
1319 5255 1398 5303 42.
1431 5280 1494 5291 —
1528 5254 1547 5285 ⁸
1581 5256 1689 5306 Ιωο

140 5324 353 5374 Petrus.
379 5347 441 5362 —
468 5323 489 5355 ⁴
514 5323 652 5385 Luc„
680 5334 810 5387 xxn,
839 5326 921 5375 32.
948 5350 1012 5362 —
1038 5325 1056 5356 ⁸
1079 5325 1242 5386 loen„
1275 5335 1391 5387 xx1,
1418 5328 1476 5376 15
1502 5331 1554 5377 et
1577 5341 1685 5393 seq.

135 5420 204 5435 -
234 5394 259 5430 ⁶
286 5393 500 5457 uates„
526 5406 670 5460 xxiv,
699 5398 778 5448 45.
804 5423 856 5433 —
891 5397 908 5427 ⁷
935 5394 1069 5449 Psat.
1098 5406 1241 5459 xxvi,
1277 5398 1354 5447 13.
1373 5421 1434 5437 --
1463 5398 1481 5428 ⁸
1503 5397 1685 5465 uecta,

3274 456 3398 521 88ss

1850 585 2001 645 citur
2034 586 2141 645 illa
2170 587 2296 649 vita
2332 588 2545 661 beata,
2571 587 2680 646 ubi
2716 602 2897 647 nemo
2936 601 3207 662 unquam
3232 585 3398 649 infir·

1848 682 2064 753 matur,
2084 681 2252 740 nullo
2271 698 2541 756 unquam
2560 681 2771 741 dolore
2787 680 3066 754 tangitur,
3084 695 3395 755 nunquam

1846 771 1933 831 ibi
1959 774 2240 848 moritur,
2269 776 2414 851 quia
2440 776 2720 834 continua
2745 774 2963 834 sanitas
2987 774 3076 833 ibi
3119 773 3391 832 habetur.

1848 869 1991 926 Item
2041 883 2218 928 nemo
2272 869 2357 927 ibi
2411 869 2614 945 aliquo
2671 870 2835 943 eget,
2894 869 3037 944 quia
3090 882 3392 927 summum

1845 959 2079 1019 bonum
2095 977 2302 1020 omnes
2318 963 2644 1038 possident,
2667 962 2823 1021 ultra
2841 961 3010 1038 quod
3035 961 3185 1021 nihil
3206 977 3393 1037 appe-

1844 1055 1966 1113 tere
2009 1054 2196 1114 homo
2223 1058 2435 1131 potest.
2476 1061 2618 1116 item
2653 1056 2853 1114 nullus
2889 1055 2977 1115 ibi
3011 1055 3223 1115 timore
3266 1054 3393 1115 affi-

1844 1147 2029 1221 citur,
2073 1164 2252 1208 nemo
2290 1150 2733 1226 perturbatione
2777 1149 3107 1209 concutitur
3123 1192 3145 1223 ,
3189 1149 3390 1211 nullus

1843 1239 1929 1300 ibi
1970 1243 2200 1302 hostilis
2242 1243 2595 1304 formidatur
2645 1244 2915 1303 incursus
2947 1262 2963 1303 ε
3009 1243 3152 1318 φύε
3186 1243 3275 1302 ibi
3303 1245 3391 1302 est

1841 1351 2077 1396 summa
2118 1353 2258 1412 pax,
2315 1354 2549 1397 summa
2592 1338 2893 1410 securitas,
2943 1353 3180 1396 summa
3230 1341 3388 1401 uan-

1841 1429 2121 1504 quillitas.
2154 1433 2295 1490 item
2335 1431 2419 1490 ibi
2465 1432 2713 1491 servitus
2765 1447 2890 1491 non
2938 1433 3195 1504 timetur,
3244 1433 3388 1507 quia

1841 1523 2112 1582 omnium
2174 1540 2410 1584 summa
2460 1525 2702 1585 libertas
2724 1569 2740 1596 ‚
2804 1525 3111 1601 liberaque
3169 1525 3385 1585 volun·

1841 1619 1947 1675 tas.
1990 1620 2133 1676 ηοω
2171 1634 2350 1677 nemo
2395 1618 2481 1677 ibi
2519 1634 2788 1695 unquam
2829 1620 3217 1679 conturbatur
3251 1635 3384 1681 ace-

1839 1709 1972 1783 dia,
2011 1728 2124 1771 nec
2180 1717 2589 1773 commovetur
2640 1714 2868 1774 tristitia
2914 1733 2929 1772 ε
2967 1715 3110 1790 quia
3157 1714 3244 1774 ibi
3297 1717 3386 1774 est

1836 1821 2074 1864 summa
2125 1807 2324 1867 laetitia
2368 1824 2680 1884 nunquam
2727 1808 3163 1868 discontinuata
3175 1829 3195 1882 3
3238 1809 3383 1884 quia

1833 1914 2146 1975 nunquam
2182 1901 2348 1960 deest
2373 1902 2677 1976 gaudendi
2708 1902 2984 1974 materia,
3017 1904 3163 1962 dum
3188 1906 3378 1965 conti-

1832 2011 1952 2055 nue
1977 1996 2232 2056 cernitur
2256 1998 2639 2073 pulchritudo
2665 2015 2922 2068 summa,
2948 2003 3006 2057 et
3031 1998 3378 2073 degustatur

1834 2090 2091 2150 dulcedo
2114 2091 2338 2150 divina.
2361 2096 2427 2151 Et
2452 2074 2694 2169 pro'pter
2710 2094 2826 2153 hoc
2846 2093 3060 2152 dicitur
3074 2095 3131 2152 ⁸:
3159 2116 3189 2149 «
3205 2099 3379 2156 Beata

1830 2187 2003 2256 terra,
2029 2185 2200 2257 cuius
2219 2201 2326 2244 rex
2352 2186 2570 2245 nobilis
2589 2191 2693 2246 est.
2712 2208 2744 2244 ιι
2768 2189 2953 2263 Super
2978 2187 3133 2247 hanc
3157 2191 3377 2249 terram

1828 2278 2097 2337 nobilem
2129 2280 2471 2339 constitutus
2497 2284 2583 2339 est
2610 2285 2830 2340 Petrus.
2869 2281 3031 2341 Unde
3056 2286 3114 2341 et
3137 2283 3252 2341 sibi
3280 2283 3373 2343 di-

1827 2387 1961 2430 cere
1988 2373 2182 2447 potuit
2204 2372 2357 2431 illud
2385 2377 2408 2412 ⁹
2439 2393 2454 2432 ε
2488 2393 2518 2431 α
2544 2379 2731 2449 Euge,
2761 2391 2930 2434 serve
2953 2375 3116 2435 bone
3140 2380 3200 2435 et
3224 2376 3373 2437 fide·

1826 2466 1933 2523 lis:
1967 2466 2111 2541 φύε
2135 2482 2314 2541 super
2335 2483 2531 2542 pauca
2558 2467 2716 2526 fuisti
2742 2468 2960 2539 fidelis,
2981 2486 3163 2546 supra
3188 2471 3376 2532 multa

1823 2562 1881 2618 te
1926 2559 2300 2620 constituam.
2353 2582 2382 2616 s
2435 2564 2616 2619 Pauca
2674 2562 2817 2621 dicit
2861 2563 2974 2622 ista
3025 2564 3374 2638 temporalia

1823 2654 2053 2713 aeternis
2087 2659 2464 2729 comparata,
2501 2672 2637 2731 quoe
2671 2658 2810 2716 sunt
2842 2658 2998 2716 adeo
3043 2657 3265 2732 multa,
3307 2663 3375 2718 ut

1819 2749 1989 2807 nulla
2037 2750 2264 2823 possint
2315 2750 2569 2825 exprimi
2622 2750 2848 2825 lingua.
2907 2756 3114 2812 Nonne
3170 2757 3372 2814 Petrus

1820 2862 1997 2922 super
2036 2846 2193 2909 hanc
2223 2848 2443 2905 terram
2480 2847 2825 2906 constitutus
2863 2848 2974 2907 fuit
2989 2890 3009 2922 ,
3054 2850 3300 2925 quando
3333 2867 3370 2910 a

1819 2941 2044 3000 Christo
2064 2941 2291 3001 audivit
2305 2943 2351 2978 ¹⁰
2373 2940 2865 3019 :souodcumque
2889 2941 3165 3016 ligaveris
3191 2961 3368 3019 super

1816 3037 2056 3106 terram,
2083 3035 2191 3093 erit
2213 3034 2462 3108 ligatum
2478 3038 2537 3093 et
2551 3034 2615 3092 in
2637 3034 2801 3093 coelis
2809 3054 2829 3108 3
2851 3040 2909 3095 et
2934 3037 3366 3114 quodcumque

1814 3128 2063 3187 solveris
2086 3144 2263 3203 super
2288 3132 2523 3202 terram,
2546 3129 2656 3187 erit
2671 3129 2931 3188 solutum
2949 3134 3006 3189 et
3027 3130 3093 3189 in
3119 3133 3301 3191 coelis.
3325 3153 3354 3187 u

1813 3223 1953 3291 Quis
1980 3237 2252 3297 unquam
2285 3226 2706 3297 tyrannorum,
2733 3223 2831 3282 vel
2856 3239 3065 3298 regum
3082 3268 3103 3298 ,
3136 3227 3362 3285 tantam

1811 3319 2161 3391 potestatem
2186 3318 2447 3392 accepit?
2461 3320 2667 3390 Magna
2691 3317 2803 3376 fuit
2824 3319 3087 3392 potentia
3112 3320 3364 3380 Alexan-

1810 3410 1940 3481 dri,
1979 3426 2201 3484 magna
2239 3415 2297 3470 et
2335 3412 2493 3470 illius
2530 3411 2752 3470 nobilis
2792 3413 3022 3472 Assueri
3039 3454 3061 3485 ,
3088 3415 3357 3476 maxima

1811 3505 2063 3563 Romani
2099 3504 2364 3580 imperii3
2401 3504 2510 3563 sed
2545 3505 2891 3577 hujusmodi
2941 3506 3208 3581 potentia
3249 3509 3361 3567 fuit

1808 3602 2039 3656 tantum
2072 3614 2250 3673 super
2285 3603 2521 3657 terram.
2565 3602 2823 3658 Potestas
2865 3603 3063 3659 autem
3105 3601 3256 3661 Petri
3294 3619 3357 3662 se

1807 3690 2070 3750 extendit
2119 3707 2301 3766 supra
2352 3692 2591 3750 coslum.
2640 3694 2687 3751 Ο
2736 3697 2991 3768 potestas
3033 3694 3355 3769 altissima,

1806 3789 2065 3859 potestas
2091 3785 2390 3859 latissima,
2418 3789 2676 3861 potestas
2700 3787 3045 3849 veneranda
3076 3793 3132 3848 et
3156 3790 3353 3850 hono-

1805 3880 1997 3939 randa
2007 3922 2029 3953 ,
2064 3885 2372 3955 portarum
2424 3880 2803 3941 infernalium
2857 3883 3219 3943 conta-activa
3235 3925 3256 3956 ,
3296 3890 3355 3944 et

1806 3973 2107 4033 bonorum
2158 3975 2664 4049 supercoelestium
2716 3976 3027 4037 collativa!
3071 3978 3352 4047 Quaenam
3438 3990 3451 4001 ·

1804 4083 2069 4143 unquam
2124 4071 2322 4143 posset
2369 4069 2700 4145 exprimere
2748 4069 2954 4144 lingua
2969 4113 2992 4143 ,
3047 4070 3242 4147 qualis
3295 4078 3353 4133 et

1805 4169 2033 4239 quanta
2060 4166 2134 4223 sit
2158 4164 2264 4224 illa
2302 4164 2550 4223 coelestis
2574 4169 2763 4237 terra,
2793 4183 2927 4240 quoe
2962 4167 3349 4242 peregrinan-

1803 4258 1959 4317 tibus
1986 4259 2066 4317 ad
2094 4261 2325 4333 tempus
2351 4264 2437 4317 est
2464 4258 2647 4318 data?
2673 4262 2769 4318 Est
2793 4259 2951 4318 enim
2978 4265 3102 4320 tam
3127 4260 3268 4334 lata,
3292 4264 3352 4321 et

1801 4356 1924 4413 tam
1949 4354 2154 4427 longa,
2182 4357 2246 4412 ut
2274 4354 2502 4413 dicatur
2527 4355 2569 4393 ¹²
2603 4373 2618 4413 z
2650 4375 2678 4409 α
2706 4354 3104 4429 Altitudinem,
3132 4360 3191 4415 et
3216 4357 3346 4416 lati·

1801 4447 2072 4505 tudinem
2100 4447 2227 4520 eJus
2269 4447 2402 4522 quis
2437 4447 2741 4506 dimensus
2778 4448 2908 4507 est?
2933 4469 2963 4506 ι
3007 4451 3235 4520 Quanta
3262 4454 3349 4511 est

1799 4545 1956 4600 terra
1980 4539 2118 4612 illa,
2150 4557 2283 4615 quse
2308 4541 2765 4616 repatriantibus
2789 4542 2853 4600 in
2880 4547 3234 4618 perpetuum
3260 4550 3347 4605 est

1802 4636 2123 4695 concessa?
2150 4636 2293 4692 Item
2323 4634 2371 4692 si
2407 4635 2536 4694 hoec
2561 4640 2716 4694 terra
2738 4637 3152 4710 peccatoribus
3178 4637 3339 4712 data,

1801 4732 1859 4787 et
1895 4727 1976 4787 ad
2002 4727 2390 4801 temporalem
2415 4744 2589 4787 usum
2620 4745 2927 4802 concessa,
2955 4734 3041 4790 tot
3064 4731 3345 4805 producit

1797 4822 1990 4895 bona,
2022 4826 2173 4896 quot
2197 4824 2333 4879 sunt
2357 4821 2462 4880 illa
2486 4823 2678 4896 bona,
2715 4840 2849 4898 quae
2872 4827 3009 4882 sunt
3033 4823 3098 4883 in
3125 4824 3343 4884 coelcsti

1799 4919 1956 4975 terra
1996 4914 2411 4974 amantissimis
2450 4916 2587 4974 filiis
2628 4917 2726 4976 Dei
2769 4922 3097 4977 concessa?
3123 4922 3264 4978 Item
3288 4922 3340 4978 si

1796 5010 1861 5068 in
1884 5009 1999 5068 hac
2025 5013 2184 5068 terra
2209 5008 2292 5066 sic
2312 5011 2400 5067 est
2426 5009 2772 5071 hominibus
2792 5009 2985 5069 dulcis
3010 5011 3131 5070 vita
3151 5054 3171 5084 ,
3199 5012 3337 5072 licet

1797 5107 1884 5163 tot
1919 5101 2229 5161 doloribus
2242 5143 2264 5174 ,
2292 5104 2379 5161 tot
2415 5103 2845 5173 calamitatibus
2879 5103 3062 5178 plena
3074 5146 3096 5177 ,
3138 5106 3335 5181 qualis

1796 5202 1883 5257 est
1907 5196 2012 5255 illa
2038 5200 2220 5267 terra,
2250 5211 2431 5271 quam
2467 5195 2655 5254 dulcis
2679 5196 2966 5256 habitatio
3009 5198 3073 5256 in
3098 5215 3197 5273 ea,
3228 5201 3332 5259 ubi

1795 5337 1850 5385 x,
1880 5327 1957 5376 ¹7.
1987 5348 2049 5359 -
2077 5324 2098 5354 ⁸
2129 5320 2332 5380 naith„
2362 5332 2486 5386 nr,
2514 5324 2594 5377 21.
2626 5348 2682 5360 —
2718 5322 2752 5355 ¹⁰
2776 5322 2985 5388 naith„
3011 5334 3134 5390 xvi,
3166 5327 3241 5379 19.
3268 5352 3334 5370 ...-

1802 5399 1839 5437 ¹¹
1872 5393 2047 5463 ticeli„
2077 5406 2110 5456 1,
2140 5396 2189 5445 2.
