4059 6317
773 421 780 426 ἢ
829 469 1212 537 DOMINICA
1249 470 1388 537 xlv
1428 469 1628 538 POST
1671 470 2261 539 PENTECOSTEN.
2307 471 2569 540 SERMO
2612 471 2690 537 11.

164 609 381 671 monte
418 603 661 671 eoelesti
712 607 810 669 est
861 625 1013 673 cum
1054 625 1130 672 eo
1184 607 1707 690 transfigurando.

160 729 274 795 per
296 711 596 794 gloriam.
629 717 648 754 ¹
693 735 724 774 α
747 711 1025 778 Vestitus
1050 715 1192 797 ejus
1215 715 1401 781 albus
1427 720 1490 781 et
1515 715 1704 780 reful-

164 836 349 901 genS.
385 841 417 880 n

721 991 1009 1063 SERMO
1055 994 1141 1066 11.

243 1142 376 1210 Scit
411 1145 585 1211 enim
623 1145 812 1212 Pater
837 1153 1066 1227 vester,
1099 1148 1258 1230 quia
1283 1147 1576 1214 omnibus
1604 1145 1708 1214 his

159 1251 474 1335 indiqetis
500 1254 544 1316 ¹.
577 1251 765 1318 Pater
789 1259 1002 1320 vester
1027 1256 1193 1320 Deus
1222 1259 1480 1339 propter
1500 1257 1710 1338 pater-

158 1376 312 1422 nam
340 1361 863 1442 procreationem,
894 1366 1155 1445 propter
1178 1366 1514 1446 paternam
1547 1361 1705 1426 dile-

159 1466 455 1547 ctionem,
495 1476 754 1552 propter
797 1473 1127 1552 paternam
1163 1471 1704 1554 procurationem,

158 1578 421 1656 propter
470 1579 802 1658 paternam
854 1577 1243 1642 haereditatis
1280 1577 1704 1642 collationem.

239 1681 327 1746 De
357 1683 566 1766 primo
593 1688 617 1725 ⁸
650 1705 666 1747 ε
708 1707 741 1747 α
780 1684 1002 1750 Nonne
1037 1686 1172 1770 ipse
1207 1690 1301 1751 est
1326 1689 1507 1768 pater
1531 1689 1706 1764 tuus»,

157 1791 272 1872 qui
305 1792 601 1873 possedit,
645 1796 709 1857 et
748 1793 916 1874 fecit,
961 1797 1027 1858 et
1064 1794 1305 1859 creavit
1327 1794 1442 1859 te?
1467 1815 1500 1854 ι»
1537 1793 1711 1865 Fecit

153 1917 410 1983 corpm,
461 1904 699 1969 creavit
763 1899 1070 1984 animam,
1131 1903 1408 1987 possidet
1466 1905 1702 1968 totum.

155 2005 519 2074 Bernardus
548 2032 564 2073 z
607 2033 638 2071 α
663 2009 732 2075 Si
754 2011 1128 2076 naturaliter
1152 2015 1350 2091 amat,
1385 2032 1417 2071 n
1438 2015 1556 2076 etc.
1595 2010 1708 2075 Re-

153 2114 340 2196 quire
367 2115 389 2150 1
420 2115 489 2179 in
514 2135 810 2184 sermone
841 2140 856 2183 :
886 2119 1136 2202 Diliqes
1162 2118 1206 2198 ⁸,
1235 2121 1356 2184 etc.
1386 2118 1702 2199 Augusti-

153 2238 281 2285 nus
305 2222 329 2258 ‘
364 2244 380 2285 ε
424 2247 456 2285 α
483 2223 814 2290 Amandus
852 2230 945 2291 oet
982 2229 1344 2308 generator,
1384 2226 1495 2291 sed
1533 2244 1700 2308 prae-

155 2329 496 2410 ponendus
538 2336 634 2395 est
677 2332 954 2398 Creator.
984 2355 1016 2393 1>
1049 2333 1192 2398 Non
1230 2333 1444 2398 solum
1487 2337 1702 2398 autem

147 2441 333 2513 pater
356 2442 574 2503 noster
611 2443 709 2504 est
743 2457 863 2504 nos
894 2441 1190 2521 creando,
1227 2439 1337 2504 sed
1374 2439 1567 2504 etiam
1597 2458 1702 2504 re·

150 2546 448 2610 creanda.
496 2544 602 2622 Vis
646 2551 861 2612 autem
907 2548 1067 2612 scire
1111 2548 1166 2611 si
1211 2551 1391 2631 pater
1430 2551 1584 2612 tuus
1624 2546 1707 2611 sit

151 2650 374 2718 Deus?
410 2655 559 2719 audi
606 2654 778 2737 quod
831 2654 1063 2720 dicitur
1089 2661 1113 2696 '¹
1145 2672 1162 2718 z
1202 2678 1234 2717 α
1263 2653 1487 2732 Omne,
1532 2653 1704 2737 quod

147 2765 380 2824 natum
408 2766 504 2826 est
529 2781 612 2826 ex
641 2761 786 2842 Dec,
823 2762 1020 2835 vincit
1057 2761 1398 2838 mundum,
1425 2784 1456 2822 a
1492 2762 1559 2826 id
1586 2766 1698 2841 est,

148 2868 515 2947 avaritiam,
547 2868 895 2947 luxuriam,
934 2869 1324 2951 superbiam,
1369 2868 1699 2950 invidiam,

147 2974 613 3054 infidelitatem,
648 2979 767 3040 etc.
799 2975 977 3041 Unde
1007 2978 1170 3041 bene
1206 2976 1439 3041 dicitur
1463 2976 1487 3012 ⁸
1521 2999 1536 3041 ε
1573 2999 1605 3038 α
1637 2977 1703 3042 Si

149 3082 298 3164 quis
309 3082 532 3163 ’diligit
552 3082 892 3161 mundum,
919 3101 1050 3147 non
1073 3087 1168 3147 est
1196 3082 1473 3148 charitas
1498 3081 1705 3149 Patris

149 3190 220 3253 in
249 3208 330 3253 eo
361 3209 376 3250 :
406 3191 559 3272 quia
585 3207 776 3253 omne
802 3188 972 3272 quod
1000 3189 1066 3252 in
1096 3189 1337 3254 mundo
1367 3193 1483 3267 est,
1513 3210 1545 3249 υ
1580 3194 1700 3256 ete.

151 3295 273 3372 Qui
301 3313 461 3376 ergo
483 3295 634 3359 talia
655 3295 960 3376 diligunt,
989 3313 1120 3360 non
1146 3299 1243 3360 est
1269 3300 1450 3378 pater
1475 3314 1703 3361 eorum

148 3400 342 3481 Deua,
369 3403 480 3467 sed
504 3403 792 3468 diabolus
818 3404 842 3438 ⁹
871 3425 886 3467 :
928 3425 960 3464 α
984 3402 1113 3469 Vos
1140 3421 1224 3468 ex
1248 3408 1426 3487 patre
1451 3404 1705 3470 diaholo

145 3510 325 3588 estis,
353 3530 385 3569 υ
420 3513 566 3590 etc.,
598 3515 663 3574 et
685 3511 885 3593 hujus
914 3510 1113 3593 patris
1139 3509 1598 3593 haereditatem,
1638 3512 1702 3576 id

145 3622 284 3698 est,
303 3619 528 3699 ignem
558 3623 873 3684 aeternum
904 3619 1341 3702 possidebunt.

228 3724 322 3790 De
350 3725 628 3790 secundo
654 3725 700 3762 ²⁰
730 3745 748 3791 t
787 3749 818 3788 α
846 3725 1004 3791 Cum
1031 3729 1250 3791 autem
1274 3725 1482 3791 adhuc
1509 3727 1702 3809 longe

142 3837 336 3911 esset,
381 3834 544 3899 vidit
569 3833 754 3898 illum
789 3836 971 3915 pater
1013 3833 1211 3912 illius,
1247 3837 1312 3896 et
1341 3833 1702 3898 misericor·

142 3942 251 4007 dia
287 3944 507 4006 motus
542 3958 881 4005 accurrens
936 3941 1165 4006 cecidit
1215 3959 1409 4025 super
1463 3941 1699 4006 collum

139 4049 313 4130 eJus,
355 4054 420 4111 et
448 4047 768 4113 osculatus
795 4053 1094 4113 osteum.
1111 4069 1143 4109 x·
1171 4046 1378 4112 Filius
1405 4048 1546 4128 iste,
1585 4049 1700 4131 qui

137 4155 548 4238 consumpsit
590 4155 760 4220 bona
802 4155 1001 4238 patris
1047 4155 1149 4221 sui
1185 4154 1597 4234 luxuriando,
1637 4157 1701 4219 et

135 4265 367 4326 tamen
398 4261 471 4326 in
512 4263 688 4326 tanta
725 4262 1060 4327 dilectione
1104 4266 1395 4344 receptus
1429 4281 1470 4326 a
1492 4266 1695 4345 patre,

135 4371 547 4452 peccatorem
612 4368 954 4450 significat.
1012 4368 1192 4434 Bona
1260 4368 1486 4449 Patris,
1548 4387 1698 4453 quae

134 4475 546 4558 consumpsit
577 4476 648 4539 in
690 4475 993 4556 luxuriis,
1040 4479 1194 4542 sunt
1218 4476 1412 4555 virae,
1444 4495 1694 4554 sensus,

133 4583 410 4663 sanitas,
440 4586 693 4666 tempus
718 4583 1045 4678 conditum
1064 4582 1176 4665 (a),
1207 4586 1273 4647 et
1292 4582 1691 4666 hujusmodi.

132 4690 400 4768 Quanta
424 4690 620 4773 hujus
640 4689 847 4755 Patris
862 4690 1115 4756 dilectio
1130 4696 1414 4773 apparet,
1437 4693 1695 4775 quando

129 4802 437 4883 peccator
469 4801 608 4881 jam
647 4816 766 4863 nec
801 4797 996 4876 vires,
1032 4816 1152 4863 nec
1188 4800 1547 4880 sanitatem,
1575 4818 1695 4865 nec

130 4911 403 4989 tempus
433 4905 648 4984 habet,
691 4904 846 4988 quia
888 4905 1089 4971 vitam
1119 4924 1303 4972 suam
1333 4907 1405 4972 in
1426 4908 1694 4990 peccatis

130 5013 573 5097 consumpsit!
605 5011 849 5078 Tamen
870 5011 925 5076 si
954 5013 1035 5078 ad
1055 5012 1309 5080 Patrem
1333 5033 1450 5097 per
1469 5033 1692 5081 veram

197 5177 220 5212 1
254 5176 396 5235 Luc„
423 5186 498 5236 ix,
526 5175 606 5226 29.
635 5200 695 5211 —
715 5172 734 5203 ²
764 5171 971 5233 Manli„
999 5185 1074 5235 vl,
1097 5175 1175 5225 32.
1203 5201 1267 5213 —
1287 5175 1310 5211 ⁸
1333 5177 1499 5238 Dent„
1524 5188 1690 5238 xxxxi,

130 5251 184 5299 6.
213 5273 286 5286 -
318 5246 342 5281 ⁴
375 5246 624 5297 Bernard.
663 5270 723 5281 —
758 5245 777 5274 ⁵
811 5243 925 5295 vid.
972 5259 1106 5309 sup„
1142 5243 1196 5295 in
1238 5247 1389 5298 Dom.
1423 5249 1542 5310 ΧΗ,
1575 5255 1694 5312 post

131 5320 319 5380 Pent„
356 5331 510 5368 serm.
551 5329 620 5380 ιι,
658 5330 778 5380 pag.
816 5316 935 5378 401,
979 5315 1079 5366 col.
1119 5319 1168 5366 2.
1210 5343 1274 5354 —
1314 5317 1334 5352 ⁸
1385 5321 1594 5382 August.
1627 5347 1691 5358 —

112 5390 155 5426 ,τ
190 5392 210 5440 Ι
247 5392 419 5451 loon„
448 5401 500 5453 v,
528 5389 578 5437 4.
607 5412 669 5425 -
703 5386 727 5422 ⁸
755 5385 903 5446 lbid„
934 5398 1007 5450 11,
1041 5389 1209 5438 15-16.
1236 5413 1301 5426 -
1325 5390 1345 5420 ⁰
1370 5392 1535 5451 loun..
1572 5402 1688 5452 vm,

130 5465 219 5515 ⁴⁴.
259 5487 329 5500 ...
354 5464 400 5498 io
430 5462 569 5517 Luc„
601 5470 688 5524 xv,
725 5462 806 5512 2⁰.
828 5481 891 5495 —
925 5461 964 5491 11
986 5458 1126 5509 Ptol.
1155 5470 1256 5524 cn,
1289 5463 1366 5512 13.
1396 5488 1457 5499 —
1483 5462 1525 5496 ¹²
1551 5462 1688 5522 Luc„

435 5568 588 5616 '1⁸0ss-
630 5565 766 5612 xm.

3241 478 3358 539 417

1815 608 2262 673 contritionem
2302 608 2667 688 revertitur,
2714 605 2901 673 Pater
2931 605 3364 673 misericordia

1816 721 2134 782 movetur.
2168 716 2459 782 Psalmus
2486 718 2529 758 ¹¹
2566 738 2581 779 ε
2625 739 2655 778 α
2675 715 3001 794 Quomodo
3028 715 3363 781 miseretur

1814 827 1994 904 pater
2017 823 2319 904 filiorum,
2342 846 2372 886 n
2395 827 2514 888 etc.
2550 823 2625 906 (b)
2655 823 2779 888 Sed
2805 825 2874 887 in
2899 823 3115 889 osculo
3140 841 3364 888 mcon-

1815 928 2151 995 ciliationis
2180 949 2330 996 eum
2355 930 2601 1014 recipit.
2631 929 2859 995 Patent
2874 930 2996 995 ista
3021 930 3091 996 in
3116 930 3363 996 latrone

1816 1053 1959 1101 sero
1998 1055 2306 1104 converso
2352 1040 2421 1103 ¹¹.
2468 1037 2645 1104 Unde
2697 1039 2891 1103 etiam
2923 1042 3230 1121 tanquam
3283 1039 3367 1103 ad

1817 1145 2114 1208 osculum
2162 1150 2351 1229 caput
2392 1146 2460 1209 in
2500 1161 2690 1210 cruce
2714 1145 3044 1212 inclinavit
3069 1147 3116 1188 ¹⁸
3146 1165 3166 1212 ι
3199 1168 3231 1210 α
3259 1146 3367 1210 ln·-

1815 1250 2051 1316 clinato
2086 1253 2289 1336 capite
2326 1252 2586 1317 tradidit
2616 1252 2935 1336 spiritum.
2965 1274 2997 1313 n

1899 1358 1983 1423 De
2009 1359 2200 1424 tertio
2228 1359 2457 1423 dicitur
2486 1359 2591 1424 hic
2610 1365 2670 1423 ²:
2698 1359 2831 1426 Scit
2856 1362 3026 1427 enim
3054 1360 3243 1427 Pater
3259 1377 3365 1427 ve-

1812 1470 1964 1546 ster,
1996 1468 2157 1549 quia
2182 1466 2286 1533 his
2321 1466 2615 1534 omnibus
2644 1466 2988 1552 indiqetis.
3030 1468 3124 1534 Ne
3148 1471 3365 1534 autem

1814 1574 1885 1637 in
1910 1575 2394 1640 necessitatibus
2439 1575 2898 1658 temporalibus
2937 1577 3016 1642 de
3054 1594 3362 1660 procura-

1816 1682 1985 1747 tione
2022 1681 2223 1764 huJus
2256 1681 2460 1747 Patris
2502 1682 2891 1764 diffidamus,
2918 1683 3221 1749 instruxit
3246 1701 3365 1748 nos

1815 1789 1893 1854 de
1909 1790 2108 1869 victu,
2136 1790 2433 1874 exemplo
2451 1790 2830 1870 volucrum;
2864 1791 2944 1857 de
2970 1793 3228 1872 vestitu,
3257 1811 3365 1857 ex-

1814 1897 2025 1980 emplo
2051 1898 2335 1963 liliorum
2366 1916 2384 1962 :
2417 1899 2485 1963 in
2511 1899 2747 1982 quibus
2774 1898 3167 1964 credentium
3220 1917 3367 1964 ava·

1813 2005 1961 2070 ritia
1986 2005 2499 2089 reprehenditur.
2547 2005 2776 2072 Adhuc
2812 2006 2986 2071 enim
3024 2007 3211 2087 vivit,
3251 2007 3365 2090 qui

1810 2109 2068 2178 Judaeos
2084 2113 2514 2196 quadraginta
2539 2112 2726 2178 annis
2747 2114 2817 2178 in
2837 2113 3105 2194 deserto,
3131 2131 3249 2180 nec
3268 2132 3367 2178 se-

1812 2224 2046 2298 rentes,
2087 2240 2207 2286 nec
2240 2224 2551 2287 metentes
2585 2222 2784 2304 pavit,
2828 2225 2896 2287 et
2937 2222 3174 2287 eisdem
3209 2239 3367 2304 qua-

1812 2329 2113 2411 draginta
2141 2329 2327 2394 annis
2367 2347 2501 2394 non
2546 2333 2696 2394 sunt
2734 2331 2949 2395 attrita
2984 2328 3368 2394 vestimenta

1813 2455 2063 2519 eorum,
2119 2439 2284 2503 sicut
2335 2437 2570 2502 dicitur
2605 2438 2673 2501 ¹⁸.
2718 2436 2885 2516 Quid
2933 2455 3097 2519 ergo
3140 2436 3368 2502 timent

1813 2543 2176 2625 Christiani,
2207 2545 2464 2629 quando
2500 2547 2594 2611 ita
2628 2546 2976 2612 liberaliter
3016 2563 3363 2628 procuran-

1813 2655 1920 2716 tur
1951 2651 2156 2718 Judaei
2177 2655 2209 2716 Ῥ
2253 2653 2394 2717 Non
2441 2654 2650 2718 solum
2698 2642 2914 2718 autem
2968 2653 3362 2735 corporibuS,

1812 2759 1922 2823 sed
1951 2761 2147 2825 etiam
2180 2760 2526 2825 animabus
2541 2761 2833 2844 providet
2851 2761 2924 2843 (c)
2947 2759 3132 2826 Pater
3149 2761 3268 2826 iste
3284 2760 3365 2825 ad

1811 2867 2108 2932 salutem.
2131 2869 2177 2905 ¹⁸
2205 2891 2237 2930 α
2255 2868 2321 2933 Si
2346 2887 2508 2951 ergo
2531 2888 2646 2934 vos
2669 2886 2821 2933 cum
2845 2869 2984 2933 sitis
3010 2868 3184 2947 mali,
3215 2871 3360 2950 etc„

1811 2992 2018 3057 usque
2069 2997 2085 3039 :
2144 2999 2175 3038 a
2220 2976 2583 3059 petentibus
2622 2993 2690 3040 se
2707 2980 2735 3038 Ἰ
2777 2997 2808 3036 ι)
2863 2972 3224 3039 Ber-nardus
3249 2974 3296 3016 1·
3341 2991 3362 3042 ε
3454 2987 3455 2990 ’

1823 3104 1855 3142 α
1882 3082 2086 3148 Deum
2115 3102 2333 3149 meum
2361 3085 2580 3162 timeo,
2610 3083 2763 3149 vitae
2795 3100 2958 3147 meae
2987 3099 3123 3148 non
3153 3082 3363 3148 solum

1810 3189 2171 3271 gratuitum
2229 3190 2630 3272 largitorem,
2676 3190 3120 3273 largissimum
3168 3189 3366 3254 admi-

1809 3297 2245 3380 nistratorem,
2280 3300 2464 3382 pium
2492 3298 2976 3379 consolatorem,
3020 3297 3362 3363 sollicitum

1809 3405 2333 3486 gubernatorem,
2352 3406 2470 3477 sed
2497 3405 2764 3487 insuper
2788 3405 2981 3469 etiam
3007 3404 3360 3488 copiosissi-

1809 3530 1993 3577 mum
2039 3514 2532 3597 redemptorem,
2588 3517 2904 3577 aeternum
2960 3514 3360 3576 conservato-

1807 3637 1970 3699 rem,
2020 3620 2385 3700 ditatorem‚
2440 3619 2955 3702 glorificatorem.
3004 3639 3036 3678 n
3085 3617 3135 3684 Ο
3179 3618 3362 3684 Chri-

1806 3726 2036 3805 stiane,
2053 3745 2255 3810 quare
2273 3744 2342 3790 es
2360 3728 2637 3791 avarus?
2656 3725 2780 3802 Qui
2794 3724 2912 3789 tibi
2928 3725 3038 3790 dat
3047 3725 3355 3808 seipsum,

1808 3834 2133 3915 quomodo
2162 3850 2295 3897 non
2310 3833 2317 3848 '
2331 3832 2512 3898 daret
2540 3833 2657 3897 tibi
2683 3832 2899 3897 cibum
2912 3833 2945 3895 Ἰ
2970 3832 3084 3915 qui
3112 3833 3227 3897 tibi
3253 3833 3361 3898 dat

1807 3938 2119 4024 Spiritum
2140 3944 2455 4022 sanctum,
2484 3940 2807 4024 quomodo
2829 3957 2963 4005 non
2980 3939 3134 4006 dare
3153 3943 3361 4023 potest

1806 4047 2051 4113 victum
2064 4050 2096 4112 Ἰ
2132 4046 2255 4126 Qui
2290 4067 2450 4130 ergo
2477 4049 2586 4114 dat
2610 4047 2728 4112 tibi
2752 4049 2947 4115 fldem
2975 4051 3041 4114 et
3063 4047 3352 4129 virtutes,

1805 4156 2127 4237 quomodo
2172 4173 2305 4220 non
2354 4156 2532 4223 daret
2576 4156 2689 4220 tibi
2737 4156 2988 4221 vestes?
3039 4154 3151 4220 Dic
3193 4172 3355 4237 ergo

1802 4262 2075 4327 fideliter
2100 4265 2146 4305 ¹¹¹
2177 4284 2194 4327 :
2235 4286 2266 4325 α
2284 4262 2471 4329 Pater
2496 4267 2733 4345 noster,
2761 4285 2793 4324 n
2829 4267 2948 4327 etc.
2973 4263 3022 4303 ¹⁸
3050 4284 3084 4325 α
3116 4259 3354 4328 Panem

1803 4373 2099 4435 nostrum
2133 4370 2580 4453 quotidianum
2607 4371 2690 4435 da
2716 4370 2902 4435 nobis
2927 4369 3138 4435 hodie.
3171 4391 3203 4429 n
3232 4368 3352 4434 Re-

1804 4477 2221 4559 prehenditur
2257 4495 2420 4560 ergo
2450 4477 2954 4543 Christianorum
2998 4476 3353 4542 sollicitudo

1802 4585 2116 4666 avaritiae,
2136 4603 2268 4649 non
2291 4585 2733 4669 providentiae.
2776 4584 2897 4664 Qui
2914 4586 3088 4650 enim
3105 4584 3353 4650 Heliam

1798 4710 1914 4777 per
1938 4712 2209 4759 corvum
2235 4693 2473 4759 cibavit
2489 4691 2560 4774 2’,
2581 4698 2645 4758 et
2673 4694 2929 4775 Agnem
2960 4692 3046 4776 (d)
3066 4692 3352 4759 celeriter

1797 4801 2079 4879 vestivit,
2109 4804 2315 4883 potest
2340 4804 2406 4865 et
2431 4800 2548 4865 tibi
2575 4801 2936 4884 providere.

1879 4909 1967 4973 De
1983 4913 2212 4991 quarto
2228 4911 2276 4951 ’⁰
2294 4930 2310 4973 :
2332 4930 2364 4972 α
2386 4907 2593 4974 Nolite
2608 4909 2854 4990 timere,
2872 4909 3141 4994 pusillus
3159 4926 3347 4992 3101,

1797 5091 1960 5144 xxm,
1999 5082 2078 5130 43.
2108 5105 2172 5118 —
2202 5079 2241 5114 ¹⁸
2278 5079 2444 5143 ,ΙοανιἸ
2478 5090 2597 5142 xix,
2635 5081 2714 5131 30.
2748 5106 2809 5117 —
2841 5080 2882 5115 ¹⁴
2912 5080 3079 5142 Dent„
3118 5092 3273 5142 xxix,
3298 5084 3347 5132 5.

1797 5176 1860 5189 —
1894 5153 1929 5187 ¹⁸
1964 5151 2103 5211 Luc„
2132 5162 2218 5212 11,
2249 5153 2327 5203 13.
2356 5177 2420 5189 —
2457 5152 2498 5186 ¹⁸
2529 5152 2678 5201 Bern.
2711 5177 2767 5187 —-
2802 5152 2841 5186 ¹⁷
2867 5153 3074 5210 Mateta„
3102 5162 3182 5214 νι,
3211 5156 3260 5204 9.
3286 5178 3351 5191 -

1796 5222 2019 5345 ξηιέἒ,
2058 5235 2145 5284 21,
2189 5225 2235 5271 3.
2281 5248 2342 5261 —
2390 5223 2428 5257 ¹⁹
2472 5223 2538 5272 111
2577 5223 2712 5286 deq..
2756 5235 2899 5287 xvu,
2936 5227 2984 5273 4.
3024 5249 3085 5262 —
3130 5225 3176 5260 ²⁰
3210 5225 3346 5287 Luc„

1879 5330 1895 5355 ,
1993 5332 2005 5344 .

1859 5392 1927 5455 (α)
1953 5391 2105 5441 Forte
2135 5391 2233 5457 leq.
2261 5406 2585 5443 concessum.
2603 5419 2665 5430 -
2688 5392 2754 5457 (ὁ)
2777 5392 2871 5445 Hic
2892 5394 3079 5447 desunt
3091 5396 3347 5462 quaedam.

1797 5489 1858 5500 —
1893 5464 1952 5526 (c)
1985 5463 2110 5514 Coee.
2138 5465 2261 5512 edit.
2290 5468 2446 5528 repet.
2474 5463 2646 5515 etiam.
2680 5490 2742 5502 -
2769 5464 2846 5530 (d)
2863 5466 2981 5531 Ley.
3008 5471 3280 5534 Agnetem.

2990 5562 3067 5621 27
