4059 6317
594 395 714 458 432

593 545 712 610 per
737 525 1107 591 desertum?
1134 546 1165 587 n
1195 525 1526 592 Desertum
1573 530 1669 591 est
1714 528 2036 607 munduS,
2066 527 2136 591 in

594 652 726 718 quo
751 638 1075 717 serpentes
1096 639 1162 699 et
1183 651 1459 713 vermes,
1491 634 1728 699 scilicet
1754 635 1934 714 vitia,
1962 640 2024 699 et
2049 634 2138 698 la-

592 744 830 820 trenes,
862 741 928 806 id
955 744 1053 806 est
1094 742 1418 807 daemones
1448 761 1466 806 z
1497 761 1661 825 quos
1676 790 1697 821 ‚
1739 741 2137 807 ascendendo

595 850 676 913 ad
704 850 1007 928 virtutes,
1054 849 1425 929 evadimus3
1458 850 1895 915 descendendo
1918 851 2137 914 autem

593 974 710 1040 per
734 957 892 1021 vitia
916 1006 933 1038 ,
966 958 1037 1021 in
1074 975 1183 1023 eos
1209 957 1554 1022 incidimus
1585 958 1604 993 ¹
1638 979 1653 1022 ε
1694 979 1725 1018 ι
1752 956 1959 1021 Homo
1983 956 2136 1039 qui-

593 1063 744 1129 dam
771 1064 1092 1129 descendit
1136 1064 1216 1128 ab
1264 1064 1648 1144 Jerusalem,
1677 1086 1709 1124 n
1760 1069 1879 1128 etc.
1912 1063 2136 1146 Sequi-

596 1174 705 1236 tur
732 1176 756 1210 ¹
790 1194 804 1234 z
846 1195 877 1233 α
911 1170 1091 1238 Sicut
1112 1171 1376 1252 virgula
1415 1171 1576 1235 fumi
1618 1190 1700 1236 ex
1746 1171 2140 1235 aromatibus

596 1280 906 1363 myrrhae,
933 1284 997 1345 et
1023 1279 1253 1358 thuris,
1283 1283 1347 1344 et
1372 1279 1658 1344 universi
1688 1279 1971 1362 pulveris
1997 1279 2138 1360 pig·

598 1387 918 1453 mentarii.
948 1409 981 1448 n
1017 1386 1088 1452 ln
1117 1386 1421 1470 myrrha,
1469 1388 1798 1465 contritio;
1826 1387 1897 1450 in
1923 1387 2136 1465 thure,

597 1495 838 1573 oratio;
869 1495 941 1558 in
967 1495 1230 1577 pulvere
1255 1494 1699 1577 pigmentarii,
1739 1495 2139 1559 diversarum

598 1601 915 1668 virtutum
942 1603 1350 1685 compositio;
1391 1603 1457 1666 in
1481 1601 1743 1683 virgula
1771 1600 1958 1679 fumi,
1988 1619 2147 1694 sua-x

597 1709 863 1774 vissima
890 1709 1142 1776 devotio
1169 1709 1588 1791 significatur.
1608 1707 1770 1773 Nota
1787 1708 1958 1791 quod
1982 1725 2143 1792 prae·

597 1793 765 1882 dicto
794 1816 1062 1899 pulvere
1085 1816 1282 1881 homo
1309 1833 1576 1880 suavem
1606 1816 1754 1880 facit
1779 1820 2006 1899 potum
2037 1816 2144 1881 ad-

598 1923 940 1990 versitatis.
991 1922 1211 1988 Solent
1260 1924 1431 1988 enim
1473 1923 1768 1987 homines
1807 1923 2141 2006 pulverem

598 2049 855 2096 sumere
873 2079 895 2110 ,
926 2033 1002 2095 ut
1029 2030 1308 2114 sapidius
1344 2031 1588 2113 possint
1625 2031 1864 2095 bibere.
1895 2032 1919 2068 ⁸
1954 2055 1985 2092 α
2015 2030 2139 2096 Ρο-

597 2138 775 2202 testis
801 2138 1020 2202 bibere
1059 2136 1344 2216 calicem,
1398 2159 1430 2198 ι)
1482 2142 1599 2202 etc.
1648 2137 1819 2202 Bene
1868 2138 2087 2202 dicunt
2119 2160 2137 2202 ε

607 2268 640 2307 ι
657 2245 1061 2310 Possumus»
1096 2268 1110 2309 :
1126 2247 1267 2327 jam
1285 2245 1456 2309 enim
1479 2245 1557 2309 de
1572 2245 1840 2328 pulvere
1866 2244 2142 2324 Spiritus

597 2358 1025 2435 gustaverunt
1042 2354 1308 2436 aliquid.
1338 2354 1490 2430 Quoe
1507 2358 1601 2421 est
1618 2371 1778 2435 ergo
1790 2354 1910 2417 ista
1926 2353 2143 2417 anima

597 2461 824 2539 fidelis,
852 2478 999 2544 quae
1029 2459 1318 2527 ascendit
1341 2460 1853 2542 non-gressibus,
1878 2460 1989 2525 sed
2017 2460 2142 2525 vir-

596 2569 870 2649 tutibus3
887 2587 1016 2635 uon
1035 2585 1323 2652 corpore,
1348 2567 1458 2632 sed
1482 2567 1669 2632 corde
1684 2569 1717 2630 ἲ
1739 2567 2138 2632 Psalmista‘:

607 2696 639 2737 α
665 2675 1079 2740 Ascensiones
1132 2674 1202 2738 in
1256 2674 1446 2739 corde
1500 2693 1617 2739 suo
1677 2674 1986 2757 disposuit
2004 2721 2022 2748 ,
2074 2674 2144 2738 in

596 2782 766 2849 valle
807 2783 1277 2867 lacrymarum,
1327 2782 1396 2845 in
1433 2781 1572 2845 loco
1611 2799 1806 2864 quem
1834 2781 2071 2863 posuit.
2105 2800 2136 2839 ι

601 2888 966 2955 Bernardus
991 2892 1058 2956 ⁸:
1098 2913 1130 2952 α
1168 2888 1249 2953 Hi
1277 2889 1672 2954 ascensiones
1710 2889 1778 2953 in
1804 2889 1994 2953 corde
2023 2906 2142 2952 suo

601 2996 972 3079 disponunt,
1003 2998 1116 3080 qui
1143 2997 1222 3062 de
1250 2997 1484 3062 virtute
1520 2998 1588 3062 in
1612 2998 1919 3062 virtutem
1959 2999 2139 3075 eunt,

603 3108 668 3171 et
695 3105 913 3170 videre
956 3104 1156 3170 Deum
1203 3105 1470 3169 deorum
1500 3105 1567 3168 in
1608 3104 1758 3169 Sion
1790 3123 1867 3169 eo
1898 3104 2144 3168 felicius

529 3257 532 3264 -
601 3217 933 3278 merentur
960 3212 1028 3276 in
1059 3210 1502 3291 retributione,
1542 3230 1672 3294 quo
1700 3230 1955 3276 summo
1973 3211 2143 3277 bono

597 3303 976 3384 familiarius
995 3320 1324 3384 adhaerere
1339 3318 1722 3383 studuerunt
1740 3319 1980 3400 puriori
1997 3336 2145 3383 con-

601 3428 978 3495 versationis
1028 3430 1273 3493 ordine.
1318 3450 1348 3487 r>
1385 3427 1532 3507 Sed,
1562 3429 1730 3492 heul
1779 3427 1964 3491 multi
2009 3445 2141 3491 non

600 3538 998 3601 ascensiones
1033 3537 1113 3601 ad
1155 3537 1421 3616 ooelum,
1471 3537 1580 3601 sed
1609 3536 2047 3600 descensiones
2072 3536 2143 3600 in

598 3643 925 3708 infernum
963 3644 1306 3727 disponunt
1353 3644 1425 3707 in
1474 3644 1662 3709 corde
1702 3662 1842 3723 suc,
1876 3644 1953 3708 de
1979 3645 2142 3709 vitio

600 3752 669 3815 in
695 3752 926 3816 vitium
950 3751 1399 3816 descendentes
1423 3769 1624 3831 usque
1652 3750 1730 3815 ad
1756 3750 2142 3832 profundum

598 3859 853 3924 inferni.
886 3859 908 3894 ⁶
962 3882 992 3920 α
1030 3858 1424 3923 Descendunt
1462 3860 1543 3941 (a)
1568 3860 1636 3922 in
1664 3858 2074 3940 profundum.
2103 3881 2135 3919 n

679 3966 765 4031 De
792 3966 976 4031 tertio
1002 3966 1060 4031 ⁷:
1101 3988 1133 4026 α
1157 3965 1228 4029 In
1255 3965 1395 4030 loco
1420 3982 1813 4046 magnorum
1839 3984 1924 4029 ne
1950 3970 2141 4031 stete-

601 4073 690 4140 ris
721 4074 797 4156 (b)
828 4096 844 4138 :
879 4072 1109 4138 melius
1148 4076 1245 4137 est
1287 4072 1404 4136 tibi
1435 4075 1507 4137 ut
1535 4072 1781 4136 dicatur
1810 4093 1826 4136 :
1858 4074 2145 4138 Ascende

601 4182 755 4260 huc,
789 4199 985 4264 quam
1028 4185 1102 4244 ut
1125 4178 1482 4243 humilieris
1521 4197 1737 4243 coram
1767 4179 2075 4263 principe,
2104 4203 2136 4240 ι»

599 4289 663 4354 id
689 4294 786 4354 est
814 4288 1079 4353 Christo.
1107 4286 1494 4367 Magnorum
1523 4305 1687 4368 ergo
1727 4287 1996 4366 merito,
2045 4288 2146 4352 vel

597 4399 807 4463 officio
825 4446 843 4477 ,
877 4397 983 4461 vel
1017 4397 1343 4461 sanctitate
1364 4444 1380 4474 ,
1431 4395 1534 4460 vel
1580 4395 1889 4477 dignitate
1931 4396 2146 4460 locum

597 4505 816 4570 nullus
844 4502 1285 4586 praesumendo
1317 4506 1605 4584 usurpet,
1639 4500 1742 4566 vel
1774 4501 2139 4567 ambitione.

599 4613 780 4678 Unde
808 4613 875 4675 in
898 4612 1021 4675 hoc
1047 4609 1400 4691 Evangelio
1438 4631 1452 4673 :
1489 4607 1794 4675 Recumbe
1822 4612 1899 4675 in
1921 4613 2143 4680 novis·-

597 4724 760 4790 8imo
789 4721 943 4799 loco,
975 4722 1091 4783 etc.
1116 4766 1134 4796 ‚
1178 4736 1386 4801 usque
1428 4736 1447 4783 τ
1501 4719 1784 4785 Ascende
1821 4723 2141 4802 superius.

599 4831 748 4911 Sed,
775 4829 940 4894 henl
975 4826 1299 4910 quomodo
1325 4826 1652 4891 criminosi
1680 4827 1916 4892 scalam
1941 4828 2142 4893 eccle-

598 4940 867 5005 siasticae
894 4935 1247 5020 dignitatis,
1278 4934 1382 5001 vel
1404 4936 1751 5000 mundanae
1789 4935 2141 5019 potestatis,

600 5046 838 5113 audent
862 5043 1232 5122 ascendere,
1272 5059 1421 5107 cum
1464 5042 1658 5108 Jacob
1686 5041 1709 5077 ⁸
1735 5059 1865 5108 non
1894 5043 2144 5108 daemo-

663 5246 682 5280 ¹
706 5245 843 5307 Luc„
871 5255 934 5307 x,
964 5243 1041 5292 30.
1069 5265 1132 5278 -
1162 5240 1185 5276 ⁸
1214 5239 1379 5303 Cant„
1420 5250 1515 5301 ιιι,
1557 5240 1630 5290 16.
1673 5265 1731 5275 -
1767 5239 1789 5273 ³
1819 5237 2023 5301 Halm„
2053 5249 2144 5303 xx,

599 5321 689 5382 22,
716 5322 795 5370 23.
825 5344 886 5356 —
917 5316 939 5352 δ
964 5314 1101 5367 psal.
1131 5324 1363 5378 Lxxxm,
1401 5317 1450 5365 6.
1487 5340 1550 5352 —
1578 5315 1598 5345 ⁸
1635 5314 1791 5363 Ber-n.
1820 5338 1881 5351 -
1910 5314 1930 5343 ⁸
1961 5312 2146 5374 Emd„

601 5403 689 5457 xv,
727 5393 775 5441 5.
803 5415 864 5428 -
900 5390 917 5420 ⁷
952 5389 1119 5446 From,
1157 5395 1276 5448 xxv,
1315 5386 1363 5435 7.
1408 5412 1466 5423 --
1498 5385 1523 5433 ‚⁸
1552 5386 1694 5444 Gen„
1732 5396 1931 5444 xxvnn,
1963 5387 2042 5434 12.
2080 5410 2141 5421 --

1688 387 2114 457 SERMONES
2155 387 2259 457 DE
2298 389 2699 458 TEMPORE.

2245 545 2382 607 neS,
2415 528 2525 593 sed
2554 527 2847 592 homines
2872 525 3304 605 ascendentes,
3331 529 3397 590 et
3411 526 3789 594 descenden-

2246 638 2341 700 tes
2376 636 2644 717 angelos
2674 635 2836 700 vidit
2856 636 2925 700 in
2965 636 3181 700 scala?
3212 635 3442 717 Angeli
3478 639 3649 701 enim
3678 638 3790 702 de-

2245 744 2395 808 bent
2422 761 2560 809 esse
2589 763 2701 828 per
2726 743 3073 810 bonitatem
3089 792 3111 825 ,
3155 762 3288 809 non
3327 745 3651 810 daemonae
3677 764 3792 829 per

2247 851 2735 934 malignitatem,
2767 852 3162 935 quicumque
3182 851 3247 915 in
3277 839 3445 916 scala
3470 855 3792 935 potestatis

2245 959 2474 1024 volunt
2517 960 2874 1024 ascendere.
2924 958 3204 1024 Isidorus
3241 958 3266 994 ⁸
3307 980 3324 1022 :
3373 981 3405 1021 α
3443 959 3585 1025 Non
3609 959 3794 1026 debet

2244 1064 2442 1130 homo
2469 1066 2733 1131 honoris
2758 1066 3061 1131 ducatum
3091 1066 3373 1149 recipere
3392 1114 3414 1147 ,
3450 1066 3567 1149 qui
3593 1068 3791 1132 nescit

2248 1173 2533 1238 subditos
2580 1173 2835 1238 tramite
2877 1173 3029 1238 vitae
3071 1172 3354 1238 melioris
3382 1175 3633 1256 praeire.
3667 1173 3791 1240 Ne-

2251 1301 2376 1365 que
2403 1282 2578 1347 enim
2622 1283 2961 1365 quisquam
3007 1282 3088 1347 ad
3136 1281 3259 1346 hoc
3303 1282 3692 1366 praeficitur,
3724 1289 3791 1347 ut

2247 1389 2649 1454 subditorum
2695 1385 2915 1472 culpas
2966 1389 3278 1470 corrigat,
3323 1393 3389 1453 et
3426 1389 3565 1471 ipse
3623 1389 3791 1454 vitiis

2248 1497 2504 1561 serviat.
2543 1519 2574 1557 n
2612 1495 2759 1577 Sed,
2797 1497 2965 1562 heu!
3008 1496 3211 1561 multo
3245 1497 3385 1578 jam
3413 1496 3634 1578 plures
3660 1497 3787 1561 dae-

2247 1621 2469 1668 mones
2485 1652 2507 1683 ,
2564 1622 2762 1687 quam
2807 1603 3027 1685 angeli
3069 1604 3240 1668 hanc
3284 1603 3519 1668 scalam
3573 1623 3789 1668 ascen-

2249 1709 2432 1776 dunt.
2461 1710 2810 1794 Gregorius
2837 1715 2885 1753 ¹⁰
2919 1733 2934 1776 ε
2970 1733 3002 1772 α
3034 1710 3345 1776 Minorem
3392 1713 3602 1795 major
3626 1730 3793 1796 prae-

2248 1817 2433 1897 cedit,
2463 1818 2628 1882 sicut
2650 1818 2918 1897 honore,
2949 1817 3039 1882 sic
3067 1820 3132 1882 et
3156 1817 3444 1883 crimine.
3467 1838 3498 1877 ι

2328 1923 2417 1989 De
2442 1929 2671 2008 quarto
2694 1924 3027 1991 Psalmista
3044 1927 3085 1962 ¹¹
3113 1946 3129 1990 z
3168 1947 3200 1987 ι
3221 1924 3377 2004 Quis
3403 1926 3703 1992 ascendet
3725 1927 3791 1991 in

2250 2035 2534 2096 montem
2578 2031 2867 2112 Domini,
2909 2053 2943 2093 n
2976 2037 3096 2097 etc.
3153 2054 3185 2092 α
3228 2032 3540 2096 Innocens
3585 2033 3785 2097 mani-

2248 2139 2394 2217 buS‚
2425 2161 2455 2200 n
2490 2145 2607 2205 etc.
2627 2188 2645 2221 ,
2678 2158 2883 2223 usque
2915 2160 2930 2202 :
2973 2163 3005 2202 α
3047 2139 3167 2203 Hic
3206 2140 3469 2224 accipiet
3496 2141 3785 2205 benedic·

2250 2245 2515 2326 tionem‚
2547 2269 2579 2306 υ
2614 2252 2735 2311 etc.
2767 2246 2891 2312 Iste
2917 2235 3135 2311 autem
3161 2264 3461 2311 ascensus
3497 2247 3571 2311 in
3596 2266 3789 2314 curru

2251 2351 2439 2417 bonae
2467 2354 2616 2418 vitae
2640 2353 2835 2435 igneo
2863 2371 2979 2437 per
2995 2353 3369 2418 charitatem
3393 2354 3439 2390 ¹⁸
3472 2376 3489 2417 ε
3516 2376 3549 2415 ι
3568 2355 3793 2419 Ascen-

2252 2460 2347 2525 dit
2376 2459 2545 2526 Elias
2569 2509 2588 2541 ,
2633 2483 2665 2522 »
2718 2467 2837 2526 etc.
2895 2483 2926 2523 α
2974 2462 3132 2527 Ecce
3181 2479 3411 2526 currus
3448 2460 3705 2543 igneus.
3748 2484 3779 2522 ι

2252 2566 2438 2633 Hunc
2470 2572 2687 2634 autem
2730 2587 3065 2634 ascensum
3108 2570 3314 2634 facere
3356 2587 3489 2634 non
3530 2575 3788 2654 possunt

2250 2676 2375 2740 nisi
2406 2676 2651 2741 nobiles
2683 2698 2699 2741 :
2728 2676 2974 2742 nobiles
3000 2696 3131 2742 non
3158 2678 3499 2758 sanguine,
3528 2677 3639 2742 sed
3664 2678 3787 2742 vir-

2250 2785 2386 2847 tute
2444 2803 2460 2847 z
2516 2783 2761 2848 nobiles
2818 2785 3044 2868 utique
3092 2784 3205 2867 qui
3251 2784 3600 2850 coronandi
3642 2788 3787 2848 sunt

2251 2892 2561 2972 tanquam
2572 2889 2837 2971 reges.¹⁸
2859 2912 2891 2951 α
2901 2890 3349 2972 ingredientur
3363 2910 3477 2974 per
3490 2895 3703 2974 portas
3714 2890 3782 2973 (c)

2251 2997 2527 3062 civitatis
2554 2997 2759 3079 hujus
2798 3015 2987 3079 reges
2998 3000 3062 3062 et
3087 2998 3427 3081 principes,
3449 3000 3787 3063 ascenden·

2252 3107 2345 3170 tes
2365 3104 2435 3169 in
2466 3104 2763 3170 curribus
2789 3110 2856 3170 et
2879 3106 2948 3169 in
2973 3105 3176 3188 equis.
3208 3127 3238 3166 n
3274 3109 3514 3171 Currus
3538 3106 3792 3187 signifi-

2252 3230 2396 3277 care
2422 3216 2692 3295 possunt
2717 3213 3002 3278 diversos
3029 3218 3253 3291 statuS,
3284 3219 3348 3278 et
3372 3213 3791 3296 professiones

2253 3320 2729 3386 salvandorum.
2764 3320 2890 3383 Alii
2922 3320 3097 3384 enim
3127 3321 3480 3384 ascendunt
3499 3321 3570 3384 in
3597 3338 3792 3384 curru

2251 3426 2599 3510 conjugali,
2631 3426 2740 3491 alii
2766 3426 2838 3491 in
2879 3426 3146 3505 viduali,
3197 3427 3307 3490 alii
3348 3428 3416 3491 in
3464 3428 3791 3510 virginali,

2251 3535 2359 3598 alii
2398 3535 2780 3614 incircuitu
2827 3534 3066 3599 ordinis
3115 3536 3315 3598 sancti
3349 3533 3664 3598 Francisci
3684 3581 3701 3612 ,
3730 3538 3799 3598 et

2252 3642 2344 3706 sic
2376 3644 2454 3707 de
2491 3643 2653 3708 aliis.
2701 3641 2868 3726 Equi
2917 3646 3134 3707 autem
3178 3646 3328 3706 sunt
3373 3660 3679 3726 corpora,
3724 3643 3796 3706 in

2254 3751 2490 3833 quibus
2537 3750 2689 3813 boni
2733 3768 2848 3832 per
2893 3745 3422 3815 resurrectionem
3446 3750 3801 3815 ascendunt

2253 3857 2320 3921 in
2347 3857 2603 3923 coelum.

2793 4026 3082 4098 SERMO
3125 4028 3242 4096 111.

2337 4178 2461 4252 Qui
2487 4193 2555 4244 sc
2585 4177 2911 4258 humiliat,
2943 4179 3338 4247 exaltabitur
3369 4179 3430 4244 ¹⁸.
3463 4178 3622 4245 Ecce
3667 4197 3797 4244 ma-

2252 4303 2425 4368 gnus
2479 4286 2726 4350 fructus
2745 4335 2763 4365 ,
2808 4291 3055 4367 magna
3107 4287 3346 4350 utilitas
3387 4287 3791 4366 humilitatis,

2254 4395 2374 4472 Qui
2397 4414 2556 4478 ergo
2601 4396 2851 4460 vultse
2881 4396 3246 4475 humiliare,
3282 4396 3469 4461 debet
3510 4415 3790 4476 causam,

2255 4503 2521 4567 modum
2564 4509 2628 4569 et
2678 4503 2965 4568 fructum
3015 4503 3397 4568 humilitatis
3445 4505 3789 4568 attendere.

2254 4611 2579 4691 Attendat,
2615 4612 2880 4695 inquam
2899 4659 2919 4690 ,
2959 4611 3421 4677 humiliationis
3460 4612 3790 4676 necessita-

2251 4722 2405 4798 tem,
2435 4718 2837 4802 qualitatem,
2869 4718 3234 4782 utilitatem.

2333 4825 2507 4891 Circa
2535 4827 2843 4910 primum,
2867 4824 3102 4890 scilicet
3127 4841 3386 4890 causam
3405 4824 3792 4891 humiliatio-

2252 4935 2355 4999 nis
2382 4935 2517 4999 sive
2544 4935 3000 5012 necessitatem,
3029 4933 3358 4998 considera
3384 4933 3557 5015 quod
3582 4933 3791 4998 humi-

2251 5079 2275 5116 0
2295 5078 2437 5144 isid„
2460 5077 2622 5140 Sem„
2649 5076 2740 5129 lib.
2774 5077 2861 5138 111,
2890 5089 2937 5127 c.
2966 5086 3148 5129 xxxxv.
3173 5101 3237 5117 -
3268 5077 3309 5112 ¹⁰
3330 5077 3564 5142 Greg.—
3594 5079 3633 5114 ¹¹
3653 5077 3788 5128 Psal.

2251 5162 2420 5215 xxm,
2452 5153 2500 5201 3.
2531 5176 2591 5188 -
2624 5150 2659 5180 ¹²
2687 5149 2752 5201 lv
2787 5149 2922 5213 neq..
2958 5159 3023 5211 11,
3056 5153 3133 5202 11.
3164 5174 3227 5187 -
3260 5147 3299 5184 ¹⁸
3320 5149 3524 5209 lev-em„
3554 5159 3679 5209 svn,
3707 5152 3783 5199 25.

2252 5247 2314 5261 -
2340 5223 2383 5260 ¹⁸
2407 5224 2545 5284 Luc„
2574 5232 2683 5284 x1v,
2720 5226 2798 5272 11.

2317 5313 2385 5378 (α)
2423 5312 2571 5376 Vulq.
2606 5309 3003 5362 descenderunt.
3031 5333 3093 5347 —
3118 5307 3190 5374 (b)
3230 5308 3353 5361 Goee.
3381 5308 3504 5362 edit.
3532 5307 3784 5362 steteritis.

2253 5409 2316 5422 —
2347 5387 2408 5448 (c)
2439 5385 2562 5435 Item
2592 5381 2924 5447 ingredietur.
2952 5381 2973 5430 t
