4059 6317
709 520 826 582 ¹5⁴

703 651 963 717 robabel
985 667 1170 719 serve
1200 670 1406 732 meus,
1446 656 1511 719 et
1548 671 1783 738 ponam
1821 657 1885 721 10
1924 656 2110 740 quasi
2148 656 2245 720 si·

707 759 1081 839 gnaculum.
1134 781 1168 820 ι
1226 758 1432 842 Signa
1473 762 1646 827 enim
1684 763 2025 829 vulnerum
2069 764 2243 830 Patri

704 882 821 948 pro
846 866 1029 931 nobis
1053 865 1126 931 in
1150 867 1311 932 coelo
1338 873 1773 951 repraesentat.
1802 870 2164 938 Bernardus
2183 876 2202 911 ¹
2222 894 2237 938 :

713 994 744 1034 α
769 971 967 1038 Mater
987 974 1260 1039 ostendit
1297 974 1456 1041 Filio
1503 980 1723 1058 pectus
1761 981 1825 1043 et
1866 979 2098 1059 ubera;
2146 978 2243 1043 Fi-

701 1079 852 1161 lius,
876 1080 1050 1146 Patri
1075 1080 1241 1146 latus
1267 1086 1332 1147 et
1348 1082 1618 1150 vulnera
1644 1102 1663 1148 t
1691 1084 1785 1150 ibi
1807 1085 1985 1151 nulla
2008 1086 2243 1168 poterit

703 1206 840 1254 esse
864 1188 1143 1271 repulsa,
1170 1188 1281 1253 ubi
1308 1193 1403 1255 tot
1429 1195 1778 1256 occurrunt
1817 1192 2238 1258 011101ήεί001-

704 1314 884 1378 gma.
921 1318 952 1357 n

847 1527 1230 1609 DOMINIGA
1274 1530 1329 1605 Π
1373 1529 1451 1605 IN
1495 1530 2097 1614 QUADRAGESIMA

1129 1699 1418 1771 SERMo
1462 1667 1814 1771 PRIMUS.

782 1839 937 1904 Hoec
972 1843 1065 1904 est
1104 1834 1402 1904 voluntas
1438 1835 1585 1913 Dei,
1629 1836 2064 1917 sanctificatio
2099 1853 2240 1904 ves-

702 1950 811 2012 tra
832 1950 898 2009 ἐ
937 1967 970 2006 α
997 1943 1163 2010 Olim
1197 1942 1399 2008 David
1442 1942 1652 2008 oravit
1674 1943 1888 2009 dicens
1914 1945 1938 1982 ⁸
1968 1962 1987 2009 ε
2023 1968 2058 2007 11
2079 1945 2243 2011 Βο00

701 2069 807 2115 me
834 2051 1039 2117 facere
1064 2050 1460 2117 voluntatem
1491 2054 1695 2116 tuam.
1738 2074 1768 2113 ι
1821 2052 1901 2118 Et
1925 2071 2100 2118 nunc
2123 2054 2245 2118 mi-

700 2160 969 2226 sericors
1006 2159 1173 2224 Deus
1229 2177 1345 2242 per
1409 2159 1767 2243 apostolum
1817 2160 2092 2226 Paulum
2109 2209 2130 2240 ,
2179 2166 2244 2226 et

700 2266 1057 2349 apostolum
1082 2264 1366 2346 Petrum,
1391 2269 1455 2331 et
1482 2266 1900 2350 semetipsum
1913 2284 2033 2332 nos
2057 2286 2243 2333 suam

699 2374 912 2440 docuit
978 2374 1396 2439 voluntatem.
1466 2374 1954 2440 Consideravere
2021 2379 2241 2442 autem

699 2482 869 2564 quod
892 2481 1188 2548 voluntas
1212 2481 1320 2546 Dei
1347 2485 1463 2562 est,
1495 2486 1568 2546 ut
1591 2501 1629 2547 a
1657 2482 1926 2566 peccatis
1955 2484 2241 2547 sanctifi-

699 2606 943 2667 cemur,
975 2589 1142 2653 utin
1167 2589 1339 2654 bono
1374 2590 1821 2671 exercitamur,
1852 2591 2023 2655 utin
2059 2594 2242 2656 utro-

697 2715 826 2779 que
851 2696 1327 2776 confirmemur,
1356 2700 1430 2762 ut
1457 2697 1713 2763 tandem
1742 2698 1814 2762 in
1848 2697 2008 2763 coelo
2034 2698 2240 2780 glori-

699 2805 988 2868 ficemur.

782 2910 870 2975 De
893 2909 1103 2993 primo
1148 2909 1379 2975 dicitur
1412 2910 1565 2975 hic:
1610 2910 1759 2976 Hoec
1801 2916 1897 2978 est
1944 2911 2241 2979 voluntas

574 3007 580 3028 '
699 3020 840 3098 Dei,
870 3020 991 3082 etc.
1031 3018 1142 3083 Ille
1168 3018 1341 3082 enim
1381 3018 1830 3097 sanctificatur,
1869 3018 1982 3101 qui
2020 3039 2061 3084 a
2104 3039 2241 3102 pec.

698 3126 854 3191 catis
879 3124 1247 3190 mundatur.
1280 3123 1517 3189 Munda
1541 3125 1714 3190 enim
1757 3124 1944 3190 debet
1969 3142 2106 3191 esse
2148 3128 2241 3191 di·-

695 3234 852 3298 lecta
898 3252 1131 3317 sponsa
1176 3232 1402 3299 Christi
1447 3239 1472 3275 *
1522 3255 1540 3298 :
1594 3255 1627 3295 ι
1685 3232 1973 3298 Christus
2017 3234 2241 3301 dilexit

696 3339 1061 3420 Ecclesiam,
1090 3341 1156 3405 et
1173 3340 1432 3406 tradidit
1454 3340 1866 3423 semetipsum
1883 3358 1998 3423 pro
2030 3360 2130 3420 ea,
2164 3345 2240 3407 ut

694 3448 870 3513 illam
899 3449 1339 3529 sanctificaret,
1355 3448 1673 3513 mundans
1692 3448 2166 3532 lavacroaquae.
2199 3472 2230 3510 n

695 3555 957 3621 Mundat
973 3558 1189 3620 autem
1211 3556 1377 3620 Deus
1396 3554 1678 3619 animam
1696 3573 1830 3619 non
1845 3554 2056 3620 solum
2074 3557 2241 3621 lava-

696 3681 804 3728 cro
825 3662 1120 3746 baptismi
1148 3662 1362 3745 primi,
1411 3662 1520 3727 sed
1564 3662 1757 3727 etiam
1800 3664 2061 3729 secundi
2077 3713 2095 3745 ‚
2127 3665 2240 3729 sci-

695 3771 841 3835 licet
857 3772 1311 3855 lacrymarum.
1335 3770 1610 3835 Isidorus
1626 3772 1650 3806 ⁸
1672 3790 1691 3835 2
1715 3794 1746 3832 α
1764 3771 2094 3856 Lacrymae
2112 3791 2242 3855 poe-

696 3879 954 3944 nitentis
978 3879 1150 3961 apud
1169 3878 1368 3943 Deum
1389 3896 1505 3962 pro
1534 3878 1914 3968 baptismate
1943 3883 2242 3964 reputan-

695 3990 820 4052 tur.
841 4007 872 4046 n
894 3984 1019 4052 Sed
1043 3986 1200 4070 quid
1237 3986 1498 4069 prodest
1522 3985 1768 4051 homini
1796 3986 1850 4050 si
1876 3986 2235 4067 balneetur,

697 4098 761 4158 et
783 4093 997 4158 statim
1025 4092 1298 4158 sordidis
1336 4092 1733 4159 vestimentis
1756 4093 2102 4158 induatur?
2135 4094 2241 4159 Sic

697 4201 853 4284 quid
877 4199 1132 4284 prodest
1156 4199 1414 4278 animae,
1443 4199 1499 4263 si
1527 4199 1893 4280 mundetur,
1926 4204 1990 4265 et
2020 4202 2238 4266 statim

700 4310 768 4372 in
797 4307 1090 4372 vitiosam
1118 4307 1642 4372 consuetudinem
1662 4305 2028 4372 relabatur?
2048 4308 2242 4391 Prop-

701 4419 798 4479 ter
819 4415 942 4480 hoc
966 4414 1335 4499 praecipitur
1357 4414 1380 4451 ⁸
1397 4419 1421 4479 '2
1458 4437 1490 4476 α
1512 4415 1682 4481 Vade
1708 4415 1789 4480 ad
1813 4415 2145 4499 populum,
2177 4421 2242 4482 et

701 4523 1023 4588 sanctifica
1045 4539 1156 4587 eos
1180 4522 1370 4588 hodie
1396 4527 1460 4587 et
1492 4541 1652 4604 cras,
1681 4523 1899 4589 lavent
1927 4524 2010 4603 (a)
2056 4524 2242 4589 vesti-

700 4634 918 4695 menta
944 4647 1097 4709 sua,
1140 4650 1172 4690 »
1207 4629 1273 4694 111
1321 4633 1437 4709 est,
1481 4647 1691 4694 mores
1728 4647 1898 4695 suos.
1929 4630 1950 4667 ²
1990 4654 2022 4692 α
2051 4631 2238 4697 Omni

700 4743 988 4820 tempore
1014 4736 1142 4801 sint
1160 4736 1539 4801 vestimenta
1564 4740 1679 4800 tua
1703 4737 1991 4802 candida.
2022 4759 2054 4798 n
2082 4736 2240 4805 Gre—

704 4846 931 4928 gorius
951 4849 976 4885 ⁸
1000 4868 1015 4912 z
1042 4868 1072 4908 ι
1098 4844 1219 4921 Qui
1244 4845 1498 4910 fletibus
1522 4845 1658 4911 suis
1685 4845 1836 4910 vitae
1864 4847 2237 4913 munditiam

703 4953 1056 5034 subtrabit,
1099 4958 1247 5019 ante
1286 4953 1396 5019 Dei
1440 4954 1657 5020 oculos
1711 4954 1999 5021 sordidas
2046 4957 2239 5022 etiam

701 5061 872 5145 ipsas
892 5061 1209 5145 lacrymas
1235 5061 1402 5126 facit.
1432 5083 1465 5121 n

781 5169 871 5236 De
897 5168 1177 5236 seeundo
1202 5172 1227 5209 ⁹
1256 5189 1274 5232 ε
1306 5189 1339 5230 ι
1366 5167 1472 5233 810
1511 5171 1608 5233 est
1630 5166 1930 5235 voluntas
1970 5168 2122 5251 Dei,
2167 5173 2241 5235 ut

766 5296 785 5331 ¹
815 5296 970 5346 Bern.
997 5321 1062 5333 —
1086 5295 1109 5330 ⁸
1136 5295 1154 5345 1
1187 5293 1369 5348 mss..
1400 5306 1470 5357 ιν,
1498 5296 1547 5344 3.
1575 5321 1635 5332 -
1662 5294 1684 5330 ⁸
1709 5293 1846 5346 Psal.
1879 5307 2050 5357 cxm,
2083 5297 2155 5345 10.
2180 5322 2240 5333 -

708 5365 731 5401 ⁸
759 5365 964 5431 Πρῶνα,
1001 5377 1055 5430 v,
1088 5369 1250 5420 25-26.
1276 5391 1339 5404 -
1364 5365 1388 5402 ⁸
1415 5365 1552 5430 isid„
1577 5364 1640 5416 de
1673 5365 1827 5430 Offic.
1855 5364 2010 5428 tect„
2042 5365 2132 5417 lib.
2173 5366 2240 5428 Π,

708 5449 756 5487 c.
791 5447 983 5487 nn-
1025 5440 1050 5470 ⁶
1080 5437 1262 5497 laod„
1302 5445 1424 5500 ιη’,
1467 5439 1545 5488 io.
1584 5463 1639 5474 -
1685 5436 1706 5472 ⁷
1753 5435 1936 5498 tecle„
1981 5445 2062 5500 11,
2101 5439 2149 5488 8.
2177 5461 2240 5474 -

709 5509 728 5539 ⁸
756 5507 932 5573 Greg„
963 5510 1183 5572 Pastor„
1209 5512 1342 5576 part.
1369 5509 1455 5577 111,
1483 5523 1534 5562 u.
1558 5520 1765 5564 m-
1791 5509 1815 5562 .⁶
1839 5509 1864 5565 1
1887 5508 2139 5574 Peto-..15
2163 5510 2240 5559 15.

1803 520 2218 588 SERMONES
2260 519 2365 587 nl:
2404 520 2800 590 TEMPORE.

2348 655 2833 723 benefacientes
2878 657 3317 725 obmutescere
3360 661 3605 730 faciatis
3630 662 3861 747 impru-

2348 763 2637 829 dentium
2681 765 3017 831 hominum
3064 767 3516 849 ignorantiam.
3542 791 3576 830 n
3611 768 3683 835 Si
3716 788 3859 852 ergo

2349 871 2742 952 benefacitis,
2786 872 3177 938 voluntatem
3229 874 3338 939 Dei
3395 876 3671 959 impletis
3689 925 3707 956 ,
3748 878 3861 942 imo

2350 981 2525 1043 etex
2548 978 2675 1043 Deo
2703 979 2839 1043 nati
2877 980 3025 1044 estis
3046 980 3140 1046 ¹0:
3183 1003 3216 1042 α
3242 977 3362 1059 Qui
3390 982 3535 1046 facit
3567 983 3748 1064 bene,
3792 1003 3865 1049 ex

2352 1085 2478 1150 Deo
2494 1087 2610 1150 est.
2633 1084 2751 1163 Qui
2769 1086 2933 1150 male
2950 1087 3094 1151 facit
3105 1136 3123 1167 ,
3147 1105 3276 1152 non
3289 1087 3462 1153 videt
3478 1088 3563 1170 (b)
3578 1089 3777 1154 Deum
3791 1111 3808 1172 ς
3828 1114 3859 1151 ι

2350 1193 2483 1257 11110
2507 1211 2718 1275 neque
2743 1192 2980 1258 videbit
3004 1193 3074 1257 in
3113 1197 3455 1259 aeternum.
3498 1194 3672 1261 Deus
3711 1199 3869 1263 0111111

2350 1299 2657 1364 benefacit
2680 1300 3234 1380 benefacientibus,
3262 1306 3385 1367 etc.
3412 1301 3748 1369 Psalmista
3782 1307 3820 1343 ¹¹
3848 1328 3867 1371 ε

2359 1429 2391 1468 α
2417 1405 2705 1485 Βο00100,
2738 1407 3024 1488 Domine,
3055 1408 3261 1487 bonis,
3307 1413 3373 1474 et
3413 1411 3604 1476 rectis
3648 1412 3869 1478 corde:

2351 1513 2730 1579 declinantes
2756 1518 2975 1580 autem
2996 1515 3066 1578 in
3091 1515 3547 1597 obligationem
3569 1519 3646 1600 (c)
3686 1519 3875 1584 addu-

2350 1625 2451 1686 cet
2474 1621 2781 1687 Dominus
2800 1640 2948 1687 cum
2963 1623 3372 1704 operantibus
3398 1624 3822 1707 iniquitatem.
3837 1649 3871 1688 ι

2351 1727 2475 1794 Sed
2514 1727 2763 1794 attende
2804 1729 2977 1812 quod
3022 1728 3114 1793 ait
3151 1727 3375 1795 Petrus
3403 1752 3419 1794 :
3464 1730 3877 1800 obmutescere

2353 1836 2614 1916 faciatis
2637 1882 2655 1914 ‚
2684 1840 2804 1902 etc.
2838 1837 3076 1918 Magna
3104 1837 3312 1902 virtus
3338 1838 3663 1904 bonorum
3692 1841 3879 1906 tacto-

2352 1960 2503 2007 rum
2518 1989 2542 2022 ,
2573 1960 2719 2025 quae
2741 1944 3029 2026 nosipsos
3057 1943 3228 2026 apud
3253 1943 3453 2009 Deum
3479 1962 3797 2025 crescere,
3821 1951 3880 2012 et

2351 2050 2748 2117 adversarios
2801 2051 3233 2116 obmutescere
3263 2099 3284 2131 ‚
3345 2054 3407 2116 et
3464 2052 3708 2118 amicos
3758 2072 3882 2120 nou

2351 2157 2723 2222 erubescere
2753 2157 3012 2223 faciunt.
3040 2158 3137 2223 Au
3144 2158 3442 2239 gustinus
3459 2159 3504 2195 ¹⁸
3529 2181 3547 2223 ε
3572 2183 3611 2221 u
3629 2159 3755 2237 Qui
3774 2177 3884 2226 nos

2354 2268 2611 2343 amant,
2638 2269 2941 2348 quaerunt
2958 2265 3129 2348 quod
3145 2264 3411 2330 laudent
3430 2266 3500 2330 in
3525 2267 3748 2345 nobis;
3775 2268 3884 2351 qui

2352 2375 2568 2436 autem
2588 2373 2903 2453 oderunt,
2921 2373 3263 2438 detrahunt
3280 2374 3483 2439 nobis.
3517 2373 3647 2439 Nos
3676 2380 3885 2440 autem

2349 2479 2420 2543 in
2448 2483 2724 2562 utroque
2750 2481 2957 2545 medio
2983 2480 3340 2560 constituti,
3370 2481 3571 2546 vitam
3603 2487 3884 2548 nostram

2350 2591 2415 2652 et
2460 2588 2697 2652 famam
2744 2589 2836 2653 sic
2875 2588 3191 2654 custodire
3248 2588 3555 2653 debemus
3572 2635 3593 2666 ,
3645 2594 3727 2654 ut
3765 2607 3889 2654 nou

2348 2695 2726 2761 erubescant
2745 2714 2960 2761 coram
2978 2695 3433 2761 detractoribus
3447 2694 3833 2761 laudatores.
3848 2717 3885 2755 ι

2348 2801 2471 2868 Sed
2510 2808 2678 2868 certe
2705 2806 2858 2887 quia
2903 2802 3401 2868 detractionibus
3440 2806 3506 2868 et
3533 2806 3886 2870 contentio-

2348 2909 2566 2988 nibus,
2592 2913 2657 2975 et
2681 2909 3276 2993 conspirationibus,
3307 2911 3373 2973 et
3401 2908 3545 2973 aliis
3570 2910 3888 2992 perversis

2346 3016 2770 3082 locutionibus
2796 3018 3233 3083 obmutescere
3256 3014 3489 3080 nolunt
3508 3015 3575 3081 in
3604 3018 3884 3096 mundo,

2348 3124 2785 3190 obmutescent
2818 3125 2889 3188 in
2924 3123 3166 3207 judicio
3188 3123 3233 3160 ²⁸
3266 3144 3282 3187 ε
3321 3145 3354 3185 α
3375 3124 3461 3187 At
3500 3123 3610 3188 ille
3658 3125 3887 3190 obmu-

2349 3232 2489 3296 tuit.
2520 3253 2554 3292 ι

2429 3337 2514 3403 De
2541 3338 2724 3403 tertio
2752 3338 2796 3375 ²⁸
2825 3355 2844 3402 t
2872 3360 2906 3400 α
2932 3336 3084 3404 11100
3111 3341 3207 3403 est
3233 3337 3537 3403 voluntas
3564 3340 3738 3421 ejus,
3762 3333 3893 3423 'qui

2350 3445 2523 3510 misit
2549 3463 2652 3509 me
2672 3491 2689 3523 ‚
2712 3467 2743 3506 n
2779 3449 2900 3510 etc.
2931 3444 3082 3510 Sola
3106 3447 3576 3528 perseverantia
3598 3447 3796 3526 facit,
3822 3452 3893 3513 ut

2348 3572 2477 3617 non
2504 3571 2840 3637 pereamus
2867 3553 2954 3616 ¹⁸:
2987 3575 3020 3615 ι
3036 3552 3160 3631 Qui
3185 3554 3359 3620 enim
3386 3557 3893 3637 perseveraverit

2348 3661 2646 3744 usquein
2678 3662 2873 3725 tinem
2889 3706 2907 3738 ‚
2936 3643 3159 3725 sasvus
3199 3661 3339 3725 erit.
3372 3683 3405 3722 n
3442 3661 3621 3727 Unde
3649 3665 3895 3748 absque

2349 3769 2839 3851 perseverantia,
2867 3786 3084 3851 neque
3108 3768 3222 3851 qui
3247 3774 3502 3851 pugnat
3526 3769 3892 3848 victoriam,

2347 3893 2556 3959 neque
2577 3876 2858 3959 palmam
2869 3876 3070 3941 victor
3089 3877 3521 3959 consequitur.
3552 3876 3653 3941 llli
3676 3884 3896 3944 autem

2350 3983 2728 4066 perduntur,
2759 3983 3029 4067 quinon
3068 3984 3531 4066 perseverando
3556 4002 3597 4048 a
3621 3983 3758 4050 Deo
3796 4004 3897 4051 se-

2349 4097 2683 4176 parantur.
2716 4091 3009 4159 Psalmus
3041 4094 3087 4131 ¹⁸
3117 4112 3136 4157 ε
3176 4116 3209 4155 α
3229 4092 3562 4158 Perdidisti
3610 4112 3843 4161 omnes
3867 4143 3890 4175 ‚
3964 4161 3969 4164 .

2349 4201 2462 4285 qui
2500 4202 2893 4266 fornicantur
2935 4201 3050 4266 abs
3093 4205 3178 4265 te.
3216 4223 3246 4261 ι)
3281 4200 3734 4282 Fornicantur,
3782 4205 3895 4287 qui

2349 4309 2568 4374 relicto
2594 4326 2755 4375 vero
2774 4325 3011 4391 sponso
3032 4308 3187 4374 Iesu
3212 4307 3483 4388 christo,
3514 4326 3669 4373 cum
3703 4327 3898 4375 mun-

2349 4417 2432 4483 do
2456 4416 2889 4481 luxuriantur.
2937 4414 3006 4482 Si
3034 4433 3191 4482 vero
3230 4433 3363 4480 non
3390 4415 3489 4480 vis
3527 4416 3749 4497 perdi,
3782 4418 3896 4482 ad-

2350 4524 2597 4589 haereas
2648 4523 2775 4588 Deo
2799 4571 2816 4604 ‚
2867 4522 3267 4589 voluntatem
3333 4524 3474 4605 ejus
3527 4541 3789 4607 semper
3838 4532 3902 4590 et

2350 4633 2825 4714 perseveranter
2866 4629 3193 4716 implendo
3214 4632 3259 4672 ¹⁷
3290 4652 3307 4694 z
3368 4652 3401 4692 ι
3426 4629 3693 4713 Semper
3720 4632 3899 4715 quod

2350 4737 2595 4802 bonum
2646 4740 2780 4815 est,
2828 4737 3157 4802 sectamini
3209 4738 3280 4801 in
3324 4737 3637 4817 invicem,
3694 4745 3763 4802 et
3830 4740 3900 4803 in

2351 4862 2597 4909 omnes.
2627 4843 2884 4927 Semper
2912 4845 3209 4925 gaudete,
3237 4843 3374 4909 sine
3414 4845 3903 4914 intermissione

2350 4956 2548 5017 orate.
2598 4951 2670 5016 In
2716 4950 3012 5015 omnibus
3056 4951 3300 5032 gratias
3350 4952 3552 5031 agite.
3602 4950 3765 5017 Haec
3806 4959 3903 5020 est

2349 5059 2523 5124 enim
2549 5059 2847 5126 voluntas
2864 5059 3033 5125 Dei.»
3055 5058 3233 5124 Unde
3249 5058 3527 5126 Isidorus
3539 5059 3584 5096 ²⁸
3609 5081 3625 5123 z
3662 5081 3701 5120 c
3716 5060 3905 5127 Tunc

2349 5225 2414 5241 —-
2441 5203 2481 5239 ¹⁶
2512 5204 2575 5253 ΙΙΙ
2602 5204 2765 5266 Joan„
2796 5205 2872 5253 11.
2906 5228 2962 5240 -
2990 5202 3035 5238 ¹¹
3066 5201 3201 5252 Psal.
3228 5214 3404 5266 cxxiv,
3435 5207 3483 5255 4.
3513 5227 3575 5240 -—
3611 5206 3655 5240 ¹¹
3692 5205 3903 5270 Aug.—

2353 5275 2390 5306 ¹³
2416 5274 2618 5337 Mattk„
2647 5285 2788 5338 xxu,
2830 5276 2909 5325 12.
2948 5300 3007 5313 -
3039 5274 3078 5310 ¹⁴
3104 5275 3273 5333 Joan..
3306 5287 3350 5325 v1
3369 5311 3383 5335 ‚
3412 5276 3492 5326 39.
3517 5301 3580 5315 --
3615 5276 3659 5312 ¹⁸
3689 5276 3902 5342 matth„

2353 5359 2419 5411 x,
2455 5350 2534 5398 22.
2562 5372 2621 5385 —
2651 5346 2694 5382 ²⁶
2718 5346 2860 5397 Paul.
2888 5357 3060 5408 Lxxu,
3087 5348 3164 5397 2¹1.
3195 5372 3255 5384 —
3297 5347 3333 5380 ¹²
3364 5348 3379 5396 Ι
3415 5343 3598 5411 Thess„
3626 5359 3680 5412 ν,
3724 5350 3900 5402 15-18.

2351 5443 2412 5456 -
2446 5417 2653 5479 ι·111111.,
2676 5417 2837 5479 Sena,
2862 5416 2950 5469 lib.
2986 5417 3049 5482 11,
3076 5430 3124 5469 0.
3148 5427 3240 5469 vu.

2417 5507 2486 5573 (a)
2517 5506 2668 5573 Vua.
2692 5507 2984 5575 laventque.
3012 5533 3075 5562 —.
3098 5505 3171 5574 (ὁ)
3188 5505 3333 5562 vidit.
3357 5533 3420 5548 —
3439 5506 3507 5574 (e)
3536 5508 3900 5582 ahmein.
