4059 6317
679 426 800 490 608

750 557 945 616 Prima
978 558 1064 616 est
1101 555 1494 614 assistentium
1535 555 1822 630 majestati
1857 554 2073 613 divinoe
2105 571 2120 610 ε
2165 554 2223 609 et

677 650 742 708 hi
768 654 904 709 sunt
928 649 1098 726 qnasi
1120 649 1468 708 cubicularii
1495 652 1553 708 et
1576 650 1823 725 palatini
1849 651 1912 708 in
1937 647 2219 706 consisto-

677 745 770 804 rio
800 744 931 817 Dei,
974 744 1117 819 quia
1156 746 1274 804 Deo
1313 744 1715 803 immediatius
1750 745 2219 818 conjunguntur,

679 841 736 896 et
759 838 958 912 ipsum
985 836 1234 895 vicinius
1262 837 1776 913 contemplantur:
1811 837 1886 896 de
1923 851 2047 911 qua
2088 834 2221 892 Dio·

679 931 883 1006 nysius
924 930 986 988 in
1029 932 1242 989 Coetesti
1286 922 1608 989 Hier-archia
1644 930 1786 989 dicit
1823 936 1841 966 ²
1890 948 1904 988 ε
1954 951 1983 982 ι(
2025 929 2220 987 Prima

679 1024 1001 1083 coelestium
1046 1024 1511 1084 hierarchiarum
1559 1025 1622 1083 in
1664 1024 2085 1083 excellentibus
2134 1037 2221 1079 es-

679 1118 878 1176 sentiis
904 1117 1331 1190 sanctificatur,
1359 1118 1631 1177 ordinem
1670 1119 1900 1176 habens
1940 1116 2220 1175 omnibus

680 1211 929 1269 altorem
960 1229 976 1269 ε
1017 1231 1044 1267 ι
1078 1214 1136 1269 et
1170 1211 1459 1287 quoniam
1497 1210 1595 1270 hic
1640 1211 1923 1285 accipitur
1966 1224 2222 1285 praesens

679 1305 1006 1364 assistentia
1029 1322 1138 1381 per
1163 1306 1613 1366 conversionem
1641 1306 1721 1364 ad
1747 1310 1931 1364 Deum
1948 1347 1967 1377 ,
1990 1304 2131 1363 ideo
2157 1304 2221 1362 in

680 1398 890 1457 ordine
918 1399 1244 1473 triplicatur
1274 1419 1290 1460 ε
1319 1416 1462 1460 nam
1498 1400 1579 1459 ad
1621 1400 2072 1459 conversionem
2110 1397 2221 1457 tria

680 1496 818 1550 sunt
842 1494 1194 1553 necessaria.

752 1586 975 1653 Primo,
1007 1603 1242 1646 summa
1268 1586 1506 1646 dilectio
1538 1602 1554 1645 ε
1586 1590 1644 1646 et
1668 1586 1784 1646 hoc
1812 1589 2104 1662 quantum
2141 1585 2222 1644 ad

679 1680 992 1755 Seraphin,
1022 1697 1156 1756 quae
1180 1681 1633 1755 interpretantur
1659 1681 1936 1752 ardentes,
1968 1679 2093 1737 sive
2128 1682 2220 1735 in-

680 1775 956 1833 candentes
965 1793 986 1841 ,·
1013 1775 1090 1832 de
1119 1774 1338 1849 quibus
1359 1776 1383 1810 ²
1410 1792 1425 1830 τ
1451 1793 1480 1828 ι
1507 1773 1617 1844 Qui
1646 1772 1782 1832 iecit
1803 1773 2060 1846 Angelos
2084 1788 2224 1831 suos

682 1867 939 1942 spiritus,
968 1873 1025 1926 et
1048 1868 1345 1926 ministros
1371 1883 1512 1925 suos
1538 1866 1845 1925 flammam
1871 1867 2046 1940 ignis,
2076 1887 2103 1923 »
2128 1866 2222 1925 vel

689 1981 718 2016 ι
744 1962 948 2035 ignem
991 1967 1292 2029 urentem,
1317 1980 1346 2016 ν
1380 1960 1522 2035 quia
1568 1960 1703 2018 licet
1742 1975 1952 2018 omnes
1995 1960 2098 2018 alii
2126 1976 2223 2019 ar-

685 2053 865 2114 deant
899 2056 963 2113 in
996 2071 1199 2113 amore
1237 2053 1474 2126 divino,
1518 2054 1609 2111 isti
1655 2057 1854 2112 tamen
1889 2053 2221 2126 ardentius,

683 2150 828 2224 quia
851 2150 1071 2209 amoris
1096 2151 1292 2224 ignem
1318 2149 1382 2207 in
1408 2150 1615 2225 primis
1642 2150 1966 2224 accipiunt,
2009 2153 2068 2207 et
2103 2149 2223 2207 ior-

683 2243 797 2302 tius
822 2245 1094 2302 ardentes
1121 2243 1198 2302 ad
1226 2247 1466 2302 caeteros
1485 2243 1896 2302 accendendos
1914 2242 2224 2301 flammam

683 2335 1014 2396 dilectionis
1040 2337 1328 2396 emittunt.
1358 2336 1521 2395 Unde
1549 2336 1861 2411 Dionysius
1880 2337 1902 2373 ⁸
1929 2359 1943 2394 2
1971 2354 2000 2389 ι
2031 2335 2225 2394 Prima

683 2434 1024 2488 sanctorum
1053 2431 1416 2505 Angelorum
1435 2430 1741 2505 dispositio
1760 2429 1949 2503 magis
1968 2429 2223 2487 similem

683 2522 865 2583 habet
907 2523 1143 2597 igneam
1182 2525 1622 2599 proprietatem,
1660 2545 1691 2581 ι
1733 2523 1797 2582 id
1836 2527 1942 2595 est,
1977 2522 2223 2581 charita·

685 2619 804 2674 tem
837 2636 852 2676 2
897 2622 956 2674 et
994 2615 1282 2692 quoniam
1325 2618 1577 2677 charitas
1622 2617 1891 2677 omnium
1940 2616 2223 2675 virtutum

685 2709 848 2769 dona
903 2711 1162 2784 excellit,
1218 2710 1355 2771 ideo
1415 2728 1784 2787 consequens
1825 2709 1964 2783 fuit,
2009 2715 2076 2770 ut
2123 2710 2224 2768 ille

684 2803 865 2877 ordo,
912 2804 1017 2879 qui
1065 2805 1336 2863 omnium
1384 2804 1878 2864 eminentissimus
1931 2807 2020 2863 est
2028 2846 2050 2876 ,
2096 2803 2226 2863 sola

685 2897 963 2957 charitate
994 2902 1252 2956 sumeret
1275 2897 1739 2973 singularitetem
1772 2898 1836 2956 in
1868 2898 1961 2956 sui
2004 2898 2225 2957 discre-

683 2991 843 3049 tione
872 2994 930 3049 et
966 2990 1362 3066 appellatione
1378 3034 1396 3062 ,
1445 2992 1717 3067 quamvis
1757 2995 1815 3051 et
1861 2992 2065 3051 omnia
2107 2990 2226 3050 alia

684 3088 1025 3143 caeterarum
1054 3085 1217 3143 dona
1242 3084 1520 3143 virtutum
1549 3085 1679 3143 aliis
1714 3085 1892 3144 etiam
1928 3085 2223 3144 excellen-

684 3178 798 3236 tius
820 3174 1208 3252 possiderent,
1239 3194 1276 3236 a
1298 3177 1519 3253 quibus
1547 3178 2008 3253 appellationem
2031 3184 2089 3238 et
2115 3195 2224 3238 vo-

659 3271 965 3330 ·cabulum
992 3286 1223 3329 sumere
1249 3271 1593 3345 potuissent.

756 3364 1024 3423 Secundo
1042 3406 1058 3433 ‚
1087 3363 1344 3438 perfecta
1370 3364 1629 3438 cognitio
1662 3385 1679 3422 ε
1707 3369 1764 3423 et
1789 3364 1906 3425 hoc
1934 3369 2227 3440 quantum

686 3459 766 3518 ad
799 3458 1071 3517 ordinem
1097 3457 1394 3516 Cherubin
1410 3499 1430 3528 ,
1459 3457 1563 3532 qui
1603 3457 2013 3533 interpretatur
2052 3461 2230 3532 pleni-

688 3553 816 3611 tudo
843 3555 1099 3610 scientia.
1128 3555 1275 3611 Nam
1302 3551 1523 3610 caeteris
1557 3551 1792 3626 Angelis
1827 3555 1966 3610 sunt
2001 3552 2225 3612 lumine

685 3646 985 3720 sapientiae
1020 3645 1329 3712 clariores;
1366 3649 1423 3704 et
1462 3645 1600 3703 ideo
1625 3646 1900 3704 dicuntur
1925 3646 2227 3720 signacula

688 3740 922 3813 divina,
951 3739 1192 3816 specula
1231 3738 1575 3813 splendida,
1616 3744 1673 3797 et
1715 3743 1871 3799 astra
1914 3740 2221 3799 matutina.

687 3837 926 3908 Propter
970 3834 1086 3893 hoc
1130 3832 1276 3892 dicit
1314 3833 1573 3893 Isidorus
1616 3833 1639 3869 ⁸
1658 3876 1675 3902 ,
1718 3833 1884 3909 quod
1927 3833 2226 3894 Cherubin

685 3932 823 3987 sunt
853 3946 881 3982 α
905 3927 1254 3986 sublimiora
1293 3926 1535 4001 agmina
1577 3927 1925 4001 angelorum
1953 3947 1982 3983 ν
2016 3932 2227 4002 praeter

687 4020 1005 4095 Seraphin,
1041 4027 1097 4079 et
1132 4020 1298 4096 quod
1331 4040 1362 4075 α
1389 4020 1637 4079 vicinius
1675 4020 1973 4095 sapientire
2010 4020 2226 4080 divinae

686 4115 974 4191 suppositi
1013 4113 1109 4190 (a)
1124 4156 1142 4184 ,
1186 4113 1461 4189 ampliori
1506 4113 1722 4173 divinae
1763 4113 2017 4172 scientiae
2061 4115 2226 4176 dono

685 4210 893 4286 repleti
937 4213 1091 4266 sunt.
1129 4228 1158 4264 ι»
1193 4210 1432 4280 Propter
1475 4205 1644 4282 quod
1688 4206 1900 4265 dicitur
1926 4208 1948 4244 ⁸
1980 4225 1996 4265 τ
2030 4228 2060 4263 ι
2095 4208 2227 4268 Ele-

687 4310 824 4362 vata
883 4308 969 4361 est
1028 4302 1219 4376 gloria
1271 4299 1502 4358 Domini
1558 4316 1734 4374 super
1790 4301 2087 4361 Cherubin
2106 4344 2127 4375 ,
2171 4310 2228 4362 et

686 4396 900 4455 atrium
925 4395 1217 4470 repletum
1243 4399 1330 4453 est
1354 4393 1675 4469 splendore
1699 4394 1906 4469 glorioe
1933 4397 2219 4455 Domini.»

688 4493 754 4549 Et
777 4490 1064 4565 quoniam
1088 4489 1151 4547 in
1180 4488 1264 4546 eis
1298 4492 1386 4547 est
1422 4488 1813 4548 manifestatio
1852 4489 2069 4548 divinae
2106 4491 2228 4551 cla-

677 4583 890 4655 ritatis,
920 4586 978 4641 et
1003 4583 1140 4641 ideo
1168 4583 1405 4657 petebat
1432 4587 1488 4642 et
1513 4583 1750 4644 dicebat
1774 4585 1961 4644 David
1987 4586 2051 4645 in
2078 4586 2230 4645 Psal-

689 4694 790 4736 mo
819 4677 841 4713 ·
870 4697 885 4735 z
916 4699 943 4731 α
971 4676 1077 4748 Qui
1107 4674 1278 4734 sedes
1305 4692 1483 4751 super
1508 4677 1824 4751 Cherubin,
1855 4679 2226 4739 manifestare

688 4788 889 4830 coram
915 4770 1219 4846 Ephraim,
1248 4789 1276 4825 n
1312 4774 1421 4828 etc.
1461 4771 1639 4840 Quasi
1675 4772 1831 4831 dicat
1860 4791 1873 4830 :
1915 4773 2072 4831 Sicut
2109 4773 2228 4831 illis

687 4864 1028 4924 manifestus
1067 4880 1130 4922 es
1169 4864 1231 4921 in
1269 4863 1588 4939 splendore
1629 4865 1980 4940 divinitatis,
2008 4868 2090 4925 ita
2116 4866 2229 4926 fias

685 4959 859 5020 nobis
885 4956 1226 5017 manifestus
1244 4955 1308 5016 in
1331 4958 1703 5034 susceptione
1726 4961 2123 5022 humanitatis.
2145 4964 2226 5021 De

747 5134 762 5168 ¹
793 5130 967 5196 Dion„
988 5129 1050 5181 de
1081 5128 1206 5181 Coel.
1233 5128 1399 5192 Hier„
1422 5145 1467 5181 c.
1491 5131 1637 5195 vin!
1665 5135 1714 5183 3.
1734 5159 1793 5171 -
1823 5134 1841 5165 ²
1864 5132 1998 5184 Ρεαὶ.
2028 5145 2144 5197 cnr,
2173 5134 2220 5183 4.

685 5230 741 5242 --
786 5206 809 5241 ⁸
843 5204 1016 5268 Dion„
1058 5201 1119 5253 de
1160 5199 1283 5251 Coel.
1323 5202 1487 5263 Hier„
1536 5216 1583 5252 c.
1627 5214 1715 5267 xv,
1754 5204 1787 5268 ξ
1826 5207 1873 5256 2.
1920 5231 1976 5242 -
2023 5205 2048 5241 ⁴
2085 5204 2224 5267 isid„

681 5276 884 5340 oriqin.
917 5276 1027 5327 sive
1051 5272 1293 5338 Etyma„
1319 5271 1409 5323 lib.
1440 5273 1552 5339 vu,
1581 5288 1627 5325 c.
1658 5286 1707 5328 v,
1729 5301 1791 5315 -
1819 5275 1843 5311 ⁸
1867 5274 2068 5336 uzecia„
2091 5287 2146 5337 x,
2175 5278 2225 5326 t.

685 5373 746 5386 -
772 5348 795 5384 ⁸
824 5346 961 5402 Psal.
996 5357 1150 5397 Lxxxx
1172 5379 1188 5407 ,
1220 5345 1267 5396 2.
1298 5369 1359 5382 —
1396 5344 1420 5380 ‘¹
1447 5345 1623 5411 Greg.,
1655 5346 1863 5403 Mor-al„
1900 5347 1989 5399 lib.
2019 5348 2224 5411 xxxii,

1655 417 2070 488 SERMONES
2112 414 2215 482 DE
2254 413 2607 485 SANC'I'IS.
2650 418 2883 486 XLVII.

2328 549 2440 609 isto
2465 553 2674 612 ordine
2708 553 2818 614 luit
2857 552 3082 614 Lucifer
3117 553 3248 625 ille,
3286 555 3390 630 qui
3430 552 3673 623 cecidit,
3712 551 3862 611 sicut

2327 646 2570 719 exponit
2596 648 2905 721 Gregorius
2930 649 2953 686 ⁷
2978 664 3158 723 super
3196 647 3301 706 illo
3337 647 3519 706 verbo
3554 666 3571 704 z
3622 649 3700 703 Tu
3732 648 3860 705 Che·

2324 740 2443 797 ταδ’
2465 746 2747 812 extentus,
2789 746 2922 813 etc.,
2972 747 3028 800 et
3072 744 3270 800 tamen
3309 758 3434 801 non
3460 745 3589 801 erat
3632 741 3708 800 de
3728 739 3857 811 illo,

2324 832 2431 891 sed
2457 833 2534 892 de
2562 833 2770 893 ordine
2797 833 3079 908 Seraphin
3095 877 3115 906 ,
3145 835 3252 892 sed
3291 835 3555 894 habebat
3594 834 3859 892 habitum

2323 925 2412 983 illi
2440 927 2636 986 ordini
2666 929 3133 1000 convenientem,
3164 931 3275 987 etc.

2394 1020 2613 1093 Tertio,
2644 1026 2926 1097 perpetua
2954 1023 3401 1096 comprehensio
3447 1021 3575 1080 sive
3620 1020 3813 1080 finitio
3841 1039 3856 1079 τ

2325 1116 2382 1170 et
2432 1113 2547 1174 hoc
2605 1120 2893 1188 quantum
2939 1117 3019 1174 ad
3062 1116 3334 1174 ordinem
3377 1117 3784 1186 Thronoi-um,
3825 1130 3861 1173 a

2325 1207 2568 1267 Thronis
2596 1207 2819 1280 dictus,
2847 1225 2920 1267 eo
2949 1209 3116 1284 quod
3144 1209 3206 1267 in
3234 1210 3319 1269 eis
3345 1212 3498 1269 neus
3524 1208 3753 1280 sedeat,
3771 1208 3861 1280 jn·

2327 1299 2486 1361 dicia
2508 1317 2618 1360 sua
2654 1303 2965 1375 discernat,
3009 1306 3068 1360 et
3108 1307 3318 1362 cuncta
3354 1303 3624 1376 subiecta
3668 1301 3862 1377 dispo-

2327 1399 2446 1454 nat.
2475 1398 2550 1454 De
2581 1395 2803 1470 quibus
2827 1397 2849 1433 ⁸
2880 1413 2895 1454 t
2932 1414 2961 1449 ι
2988 1395 3391 1471 Aspiciebam,
3420 1395 3621 1454 donec
3654 1395 3865 1454 ‘throni

2325 1489 2503 1563 positi
2528 1493 2683 1561 sunt,
2713 1495 2770 1548 et
2796 1489 3072 1564 antiquus
3100 1488 3334 1547 dierum
3361 1488 3536 1548 sedit.
3573 1510 3605 1543 ι
3632 1491 3703 1547 Et
3727 1505 3867 1563 quo-

2326 1584 2489 1642 niam
2516 1586 2665 1641 Deus
2699 1583 2763 1641 in
2802 1583 2887 1641 eis
2924 1583 3122 1655 sedet,
3151 1583 3288 1642 ideo
3317 1599 3355 1642 a
3379 1583 3563 1642 beato
3592 1583 3864 1658 Dionysio

2325 1677 2349 1712 ’
2375 1676 2548 1736 sedes
2577 1681 2863 1736 vocantur
2889 1677 3211 1749 altissimae,
3243 1681 3496 1752 pacata,
3526 1680 3589 1735 et
3614 1675 3863 1736 deiferae.

2328 1769 2631 1829 Altissimse
2674 1770 2843 1829 sedes
2889 1769 3182 1841 dicuntur,
3229 1770 3373 1845 quia
3415 1770 3553 1829 altre
3590 1786 3704 1844 per
3730 1770 3868 1828 divi·

2328 1879 2470 1922 nam
2516 1864 2919 1923 auctoritatem
2930 1907 2950 1937 ,
2987 1879 3110 1938 qua
3141 1864 3458 1938 injudicio
3487 1864 3862 1937 ordinantur3

2330 1957 2588 2029 altiores,
2616 1972 2725 2032 per
2751 1956 3017 2016 divinam
3045 1956 3537 2029 conformitatem,
3563 1973 3691 2032 qua
3709 1957 3864 2030 justi-

2330 2050 2422 2108 tioe
2446 2050 2713 2124 regulam
2740 2050 3074 2124 imitantur,
3101 2050 3423 2123 altissimae,
3452 2066 3565 2124 per
3609 2050 3867 2110 divinam

2329 2143 2783 2216 sublimitatem,
2812 2161 2936 2219 qua
2963 2144 3041 2202 ad
3071 2147 3250 2202 Deum
3273 2143 3685 2202 immediatius
3714 2144 3863 2202 ordi-

2330 2240 2544 2296 na'ntur
2590 2257 2604 2295 :
2649 2242 2873 2312 pacatoe
2921 2237 3226 2309 dicuntur,
3278 2237 3423 2312 quia
3468 2253 3547 2295 ex
3592 2238 3863 2312 qualitate

2331 2331 2528 2406 operis
2554 2330 2859 2390 descendit
2890 2331 3144 2408 qualitas
3175 2330 3615 2405 retributionis,
3660 2331 3866 2391 scilicet

2330 2440 2406 2482 ex
2449 2425 2644 2500 culpa,
2690 2441 2900 2499 poena;
2950 2442 3026 2484 ex
3067 2425 3321 2498 justitia,
3365 2425 3582 2499 gloria.
3641 2425 3865 2484 Deiierae

2330 2535 2474 2578 vero
2516 2519 2824 2591 dicuntur,
2871 2519 3012 2594 quia
3056 2521 3239 2577 Deum
3289 2524 3644 2593 praesentem
3701 2520 3867 2577 susci·

2330 2613 2530 2687 piunt,
2553 2617 2610 2672 et
2632 2612 2904 2671 deificam
2926 2615 3304 2687 potestastem
3328 2627 3438 2686 per
3465 2612 3706 2670 diversa
3725 2613 3869 2687 judi·

2333 2707 2425 2764 cia
2458 2706 2729 2779 ,iudicant
2764 2711 2821 2765 et
2856 2706 3192 2766 ostendunt.
3221 2705 3421 2764 Merito
3449 2706 3546 2763 isti
3570 2711 3692 2764 tres
3713 2706 3864 2766 ordi-

2332 2814 2436 2857 nes
2463 2800 2687 2857 suntin
2712 2800 2905 2877 prima
2943 2799 3301 2871 hierarchia,
3338 2800 3484 2875 quia
3520 2816 3651 2874 prae
3686 2801 3867 2858 omni·

2330 2893 2447 2951 bus
2472 2893 2683 2953 ardent
2709 2893 2985 2953 incendio
3012 2894 3226 2953 divinas
3267 2894 3637 2968 dilectionis,
3676 2895 3864 2971 quoad

2332 2987 2592 3061 primos;
2620 3004 2744 3062 prae
2769 2988 3048 3046 omnibus
3073 2987 3300 3062 fulgent
3326 2989 3501 3049 radio
3531 3006 3753 3048 serene
3777 3006 3864 3048 co·

2333 3080 2642 3155 gnitionis,
2671 3082 2877 3157 quoad
2904 3082 3192 3141 secundos
3206 3102 3225 3156 3
3253 3099 3377 3158 prae
3415 3084 3703 3142 omnibus
3738 3084 3864 3142 emi-

2333 3178 2475 3232 nent
2533 3175 2846 3250 privilegio
2902 3179 3199 3250 perpetuae
3254 3176 3615 3249 intuitionis,
3676 3177 3864 3253 quoad

2333 3268 2534 3327 tertios
2564 3287 2580 3326 ε
2606 3273 2665 3327 et
2687 3267 2825 3327 ideo
2854 3268 3128 3328 dicuntur
3164 3268 3463 3341 assistere,
3511 3287 3641 3330 non
3678 3272 3864 3330 minis-

2332 3367 2511 3437 trare,
2543 3365 2685 3440 quia
2724 3382 3054 3442 nunquam,
3082 3366 3411 3427 secundum
3440 3367 3786 3443 Dionysium
3807 3366 3861 3439 ⁹,

2334 3458 2416 3518 ad
2445 3460 2736 3518 exteriora
2762 3460 3085 3520 mittuntur.

2406 3554 2678 3613 Secunda
2719 3553 3019 3613 hierachia
3054 3559 3141 3613 est
3177 3554 3579 3613 resistentium
3602 3555 3861 3630 potestati

2334 3646 2664 3719 contrariae,
2695 3652 2754 3705 et
2786 3647 2851 3706 hi
2892 3647 3154 3722 deputati
3195 3649 3422 3707 suntin
3452 3648 3725 3722 regimen
3761 3647 3865 3705 rei·

2333 3741 2609 3816 publicae,
2637 3741 2807 3816 quasi
2837 3740 3025 3800 divini
3065 3742 3347 3801 exercitus
3387 3740 3733 3813 bellatores,
3771 3741 3865 3817 qui

2335 3835 2633 3908 designari
2674 3839 2924 3910 possunt
2960 3835 3023 3893 in
3060 3835 3287 3909 angelis
3323 3835 3428 3911 qui
3472 3840 3866 3912 apparuerunt

2333 3928 2514 3988 Jacob
2540 3932 2584 3967 ¹¹
2616 3944 2633 3987 ε
2679 3948 2708 3983 α
2742 3946 2895 4004 quos
2940 3929 3088 3988 dum
3126 3929 3387 4001 vidisset,
3428 3929 3579 3989 dixit
3619 3950 3636 3989 :
3681 3932 3865 3989 Castra

2334 4021 2436 4081 Dei
2462 4025 2597 4080 sunt
2620 4022 2745 4081 hmo
2765 4043 2785 4096 3
2807 4042 2837 4080 ι
2861 4023 3003 4099 quia
3027 4023 3107 4083 ad
3133 4023 3384 4081 modum
3412 4029 3741 4083 castrorum
3762 4038 3864 4082 nos

2334 4115 2638 4188 muniunt,
2674 4115 2779 4191 qui
2824 4132 3027 4174 sumus
3070 4115 3271 4176 faciles
3311 4116 3391 4175 ad
3426 4115 3858 4185 seducendum,

2332 4208 2571 4283 fragiles
2596 4208 2676 4268 ad
2701 4208 3113 4281 resistendum,
3145 4209 3372 4268 debiles
3398 4209 3479 4268 ad
3499 4210 3863 4286 operandum

2335 4303 2460 4362 sive
2498 4304 2799 4377 agendum
2846 4322 2860 4359 t
2904 4308 2961 4361 et
3000 4303 3138 4362 ideo
3181 4309 3498 4362 occurrunt
3539 4305 3717 4362 nobis
3750 4310 3863 4362 tan-

2336 4412 2519 4471 quam
2546 4396 2934 4471 potentissimi
2966 4395 3288 4469 adjutores,
3314 4401 3619 4455 uteorum
3653 4397 3863 4456 anxilio

2336 4489 2547 4548 muniti
2574 4489 2871 4549 discamus
2896 4489 3158 4548 hostium
3185 4490 3476 4564 potentias
3494 4506 3625 4549 non
3650 4492 3859 4550 timere.

2334 4583 2425 4641 Ad
2455 4599 2712 4658 quorum
2751 4584 3177 4643 virtuositatem
3216 4583 3642 4644 insinuandam
3684 4600 3865 4644 necoe-

2334 4677 2488 4736 saria
2514 4677 2642 4750 fuit,
2660 4676 2761 4736 vel
2782 4678 2964 4736 virtus
2986 4678 3312 4754 operativa,
3337 4677 3439 4737 vel
3457 4679 3647 4739 virtus
3670 4696 3862 4738 execu-

2334 4770 2475 4843 tiva,
2505 4770 2603 4829 vel
2638 4771 2825 4830 virtus
2855 4770 3210 4847 expeditiva.

2405 4864 2623 4937 Primo,
2653 4864 2860 4939 quoad
2884 4866 3160 4924 virtutem
3189 4864 3581 4939 operativum,
3600 4871 3736 4927 sunt
3758 4869 3861 4926 Do-

2333 4957 2711 5032 minationes,
2761 4974 3018 5033 quarum
3054 4961 3141 5018 est
3179 4957 3311 5017 aliis
3344 4957 3670 5035 imperare,
3710 4964 3768 5020 et
3803 4960 3861 5019 in

2336 5124 2382 5161 c.
2411 5122 2563 5175 xviu,
2591 5110 2659 5164 al.
2690 5122 2846 5176 xxm,
2872 5124 2931 5163 n.
2961 5113 3040 5163 48.
3068 5137 3128 5150 —
3152 5110 3175 5146 ⁸
3203 5111 3353 5172 Dan„
3382 5123 3473 5175 vn,
3500 5117 3550 5165 9.
3577 5142 3635 5152 -
3653 5115 3855 5176 ’Dion.,

2333 5182 2736 5319 ffexgfflamm'
2759 5198 2806 5237 c.
2830 5195 2928 5248 vn,
2950 5184 2982 5249 §
3008 5187 3056 5237 1.
3078 5211 3141 5222 —
3163 5185 3209 5221 ¹⁰
3233 5185 3407 5247 Dion„
3428 5186 3555 5238 ibid.
3573 5214 3637 5227 —
3660 5189 3699 5225 ¹²
3723 5187 3855 5245 Ga„

2399 5344 2472 5410 (a)
2498 5345 2616 5411 Ley.
2646 5345 2819 5412 positi,
2846 5350 2901 5399 ut
2927 5346 3065 5414 apud
3089 5347 3209 5399 leid.
