4059 6317
984 491 1365 560 DOMINICA
1405 491 1487 562 IX
1522 493 1721 564 POST
1763 497 2355 571 PENTECOSTEN.
2401 505 2663 572 SERMO
2708 506 2757 570 l.

350 622 438 688 no
463 625 653 689 tertio
677 625 906 691 dieitur
925 627 1034 691 hic
1062 644 1080 689 ι
1115 629 1340 698 Facite
1367 617 1544 699 vomi
1566 634 1806 702 amieos

268 728 350 796 dc
385 747 752 799 mammona
793 734 1194 818 iniquitatis,
1238 735 1317 802 de
1354 737 1614 817 divitiis,
1658 759 1809 824 quae

267 834 492 916 inique
513 836 969 918 acquiruntur;
1020 839 1122 905 vel
1154 839 1392 923 inique,
1438 842 1505 907 id
1544 847 1642 907 661
1676 861 1808 907 non

266 957 454 1024 aeque
481 942 949 1025 dispensantur,
988 963 1137 1010 cum
1162 946 1291 1012 indi
1300 966 1473 1030 gnus
1506 949 1672 1031 plue,
1703 950 1808 1014 vel

267 1047 487 1113 minus
515 1049 816 1129 abundet,
841 1051 948 1116 vel
972 1053 1260 1134 quilibet,
1281 1058 1356 1119 ut
1369 1055 1524 1119 dicit
1546 1056 1803 1121 Glossa:

266 1154 594 1221 Mammea
613 1159 852 1239 perdet,
880 1164 954 1224 ut
981 1179 1097 1244 per
1118 1180 1226 1226 eas
1253 1164 1680 1247 deperduntur
1701 1167 1812 1231 ho-

269 1263 479 1330 mines
504 1266 546 1329 ¹.
598 1264 753 1332 Cum
790 1265 1176 1350 defeceritis,
1224 1272 1547 1354 recipiant
1581 1289 1694 1341 vos
1733 1276 1812 1340 in

267 1378 508 1439 oelema
549 1373 981 1442 tabernacula.
1023 1377 1181 1444 Ecce
1223 1397 1356 1444 non
1404 1381 1608 1462 gratis
1644 1399 1809 1463 pau-

269 1480 409 1563 peri
452 1481 921 1564 eleemosynam
976 1484 1238 1566 dedisti,
1295 1488 1406 1552 sed
1462 1487 1811 1570 hospitium

269 1591 589 1654 oeternum
651 1589 767 1654 tibi
833 1592 1216 1657 conduxisti.
1286 1594 1692 1676 Augustinus
1719 1598 1744 1632 ⁵
1791 1617 1806 1660 :

279 1694 546 1761 «Praebe
568 1701 833 1776 tectum,
859 1703 924 1764 et
944 1701 1157 1782 accipe
1179 1701 1412 1765 coelum
1430 1718 1446 1764 ε
1466 1702 1684 1784 praebe
1706 1720 1810 1766 ca·

268 1800 459 1866 licem
482 1820 670 1886 aquae
697 1805 975 1887 frigidae,
1004 1811 1071 1871 et
1095 1807 1308 1890 accipe
1335 1811 1681 1871 torrentem
1703 1826 1814 1871 vo-

268 1907 528 1992 luptatis
552 1916 835 1978 aeternae.
861 1934 893 1974 n
920 1913 1148 1997 Recipe
1174 1932 1336 1996 ergo
1362 1931 1701 1997 pauperes,
1740 1919 1814 1979 ut

268 2016 595 2100 recipiaris
636 2018 719 2083 ab
762 2019 876 2084 eis.
926 2019 1190 2096 Quando
1245 2020 1419 2085 enim
1462 2039 1810 2105 pauperem

267 2125 523 2208 recipis,
550 2127 817 2192 forsitan
857 2128 1133 2211 recipisti
1176 2143 1351 2208 eum,
1391 2129 1504 2211 qui
1549 2130 1807 2194 161661-

268 2231 402 2315 piet
428 2233 498 2296 in
524 2238 766 2298 aeterna
799 2236 1228 2301 tabernacula.
1255 2243 1279 2278 ⁸
1322 2260 1355 2298 (ι
1401 2236 1808 2320 Hospitalita-

270 2344 401 2404 tem
434 2340 627 2405 nolite
653 2341 962 2423 oblivisci,
985 2363 1018 2403 a
1049 2348 1168 2408 etc.
1200 2343 1313 2410 Vel
1344 2345 1609 2409 forsitan
1641 2365 1811 2412 rece-

269 2447 419 2530 pisti
445 2447 648 2513 Deum
672 2449 695 2485 ⁸
727 2471 743 2513 ε
785 2472 816 2510 α
841 2448 1084 2534 Hospes
1117 2469 1318 2531 eram,
1365 2457 1428 2516 et
1467 2453 1816 2535 collegistis

270 2572 401 2618 me.
426 2577 459 2615 υ
488 2554 869 2639 Exemplum
910 2559 990 2623 de
1016 2560 1298 2642 quodam
1336 2561 1809 2643 patrefamilias»,

270 2665 355 2730 de
377 2683 506 2748 quo
529 2666 749 2731 scribit
774 2665 1121 2750 Gregorius
1137 2669 1207 2733 in
1224 2668 1490 2733 homilia
1514 2671 1813 2736 secundae

271 2772 451 2837 feriae
489 2777 635 2855 post
656 2772 896 2839 Pascha
916 2781 963 2838 ⁵.

355 2881 443 2945 De
468 2886 699 2964 quarto
718 2880 743 2917 ⁸
778 2904 793 2948 ε
834 2906 866 2944 α
892 2881 1014 2961 Qui
1040 2888 1329 2969 receptus
1356 2905 1426 2951 es
1461 2888 1527 2951 in
1556 2887 1811 2953 turbine

271 2992 491 3073 ignee,
530 2991 600 3055 in
624 3010 823 3056 curru
863 3010 1200 3075 equorum.
1242 3015 1274 3054 ο
1319 2994 1555 3061 Currus
1583 2996 1815 3078 igneus

269 3102 343 3163 in
370 3117 501 3181 quo
523 3102 811 3181 receptus
835 3102 934 3163 est
960 3099 1128 3164 Elias
1151 3099 1175 3135 '¹
1198 3101 1265 3164 in
1293 3102 1687 3183 paradisum,
1721 3107 1818 3167 est

268 3206 570 3287 charitas,
601 3207 741 3271 sine
764 3225 894 3289 qua
921 3225 1108 3272 nemo
1138 3208 1206 3273 in
1223 3209 1457 3274 coelum
1482 3211 1806 3293 recipitur.

269 3314 682 3396 Augustinus
712 3336 780 3377 :c
809 3313 1097 3379 Invidere
1124 3315 1221 3379 fas
1245 3334 1378 3381 non
1404 3323 1501 3382 est
1528 3318 1641 3397 eis,
1663 3337 1812 3402 quae

270 3421 366 3485 ita
397 3421 670 3504 perfecta
692 3425 865 3501 sunt,
892 3422 975 3506 (α)
1004 3441 1044 3487 a
1076 3440 1308 3505 sponso
1339 3425 1751 3506 recipiantur.
1773 3448 1805 3487 n

271 3527 517 3593 Currus
533 3532 748 3592 autem
766 3529 1094 3594 charitatis
1119 3535 1397 3613 quatuor
1410 3536 1583 3597 rotas
1596 3533 1808 3599 habet.

273 3635 496 3702 Prima
528 3639 623 3700 est
659 3653 841 3700 amor
878 3636 989 3702 Dei
1015 3643 1039 3679 ⁸
1084 3659 1099 3702 ε
1133 3661 1164 3699 ε(
1196 3637 1432 3721 Diliges
1463 3640 1814 3706 Dominum

270 3744 478 3809 Deum
504 3747 724 3825 tuum,
758 3764 789 3803 t
817 3748 937 3810 ete.
977 3744 1304 3824 Secunda,
1344 3765 1529 3811 amor
1570 3749 1665 3812 tui
1698 3769 1714 3812 t
1747 3748 1813 3813 Si

268 3853 423 3936 quis
439 3869 573 3915 non
597 3855 771 3915 amat
796 3854 1102 3935 seipsum,
1129 3857 1248 3917 etc.
1281 3853 1360 3936 (b)
1386 3853 1566 3919 Certe
1600 3877 1631 3916 α
1649 3861 1672 3896 ⁹
1701 3856 1813 3938 qui

273 4064 489 4130 Tertia
536 4083 720 4130 amor
778 4066 968 4130 amici
1019 4063 1067 4103 ¹⁰
1102 4088 1118 4131 ε
1173 4088 1206 4128 (ι
1247 4066 1487 4150 Diliges
1528 4072 1810 4136 amicum

272 4177 462 4239 tuum
514 4172 678 4238 sicut
729 4175 1029 4256 teipsum.
1086 4195 1119 4233 s
1171 4174 1410 4252 Quarta
1453 4196 1636 4244 amor
1687 4181 1813 4244 ini-

271 4281 427 4346 mici
464 4282 506 4319 ¹¹
553 4303 569 4345 :
606 4304 637 4343 α
662 4280 922 4363 Diligite
965 4282 1260 4348 inimicos
1299 4290 1566 4352 vestros.
1595 4310 1628 4348 n
1663 4288 1813 4367 Qni-

270 4385 558 4471 cumque
584 4388 804 4471 aliqua
829 4389 1063 4454 harum
1091 4395 1378 4457 rotarum
1410 4396 1714 4476 carueris,
1746 4396 1816 4460 in

270 4494 514 4561 coelum
542 4513 813 4579 pergere
836 4515 972 4562 non
996 4500 1255 4580 poteris.

368 4727 738 4806 DOMlNIGA
782 4728 871 4803 IX
914 4728 1102 4805 POST
1143 4730 1711 4818 PENTEGOSTEN.

703 4896 992 4968 SERMO
1033 4899 1385 4973 PRIMUS.

355 5035 514 5100 Cum
546 5035 1096 5118 appropinquaret
1113 5037 1296 5105 16363
1320 5040 1689 5126 Jemsolem,
1718 5048 1813 5114 vi-

264 5144 434 5213 dens
460 5144 808 5221 civitatem,
828 5143 1009 5224 flevit
1034 5159 1225 5226 super
1245 5145 1428 5213 illam
1450 5150 1520 5230 ¹²,
1543 5156 1660 5216 etc.
1689 5154 1811 5219 Do-

333 5270 350 5306 ¹
391 5269 558 5319 Locus
583 5272 871 5331 corruptus.
900 5295 962 5306 --
990 5269 1013 5303 ²
1038 5273 1166 5335 Aug.
1195 5298 1258 5309 —
1284 5269 1305 5303 ⁸
1325 5273 1498 5335 Hebr„
1526 5289 1647 5342 1111,
1677 5281 1724 5330 2.
1753 5307 1812 5320 —

318 5338 528 5399 Mami„
556 5349 680 5397 xxv,
713 5340 790 5388 35.
827 5367 880 5376 --
910 5339 933 5374 Ι
957 5341 1130 5403 Greg„
1157 5343 1211 5390 in
1239 5344 1455 5409 Evanq„
1485 5347 1630 5399 hom.
1659 5363 1810 5416 xxm,

372 5413 417 5460 2.
445 5436 509 5446 -
532 5408 556 5443 ⁸
584 5408 761 5471 Eccli„
802 5422 999 5475 vam,
1033 5417 1081 5462 9.
1114 5438 1166 5448 -
1196 5414 1220 5449 ⁷
1253 5414 1319 5464 lv
1350 5416 1488 5482 neq„
1526 5430 1596 5481 11,
1641 5424 1717 5471 Η.
1752 5451 1811 5461 -

325 5481 501 5545 Deae„
528 5489 602 5542 vi,
630 5481 678 5534 5.
704 5505 767 5520 -
793 5481 814 5512 ⁹
841 5480 978 5533 Psal.
1005 5493 1059 5546 ι,
1089 5485 1138 5536 6.
1170 5509 1223 5522 -
1253 5484 1295 5526 ¹⁰
1322 5486 1499 5553 Lavit„
1523 5502 1635 5556 xix,
1669 5496 1810 5547 18.-

3345 511 3463 576 379

1922 637 2141 702 minus
2182 638 2334 704 Jesu
2380 639 2675 723 exemplo
2733 645 2798 705 et
2849 642 3049 706 verbo
3099 642 3177 707 ad
3240 643 3463 710 fletum

1921 761 2040 809 nos
2072 751 2396 828 provocat.
2437 745 2770 830 ExempIO,
2801 749 2954 831 quia
2995 750 3132 831 ipse
3174 750 3353 814 flevit
3393 751 3463 815 in

1921 852 2252 935 praesepio.
2284 852 2445 918 Hinc
2470 854 2550 918 de
2594 854 2841 920 Christo
2878 854 3201 921 Salvatore
3244 862 3465 924 nostro

1922 964 2132 1023 cantat
2160 959 2439 1025 Ecclesia
2467 961 2513 997 ¹⁸
2545 983 2560 1026 ε

2232 1104 2383 1170 vagit
2410 1104 2580 1157 infans
2610 1105 2745 1156 inter
2777 1108 2916 1157 arcta

2232 1177 2482 1229 Conditus
2509 1177 2796 1243 praesepia3

2004 1320 2083 1387 Et
2112 1322 2216 1387 hic
2242 1342 2433 1406 super
2460 1323 2803 1404 civitatem,
2843 1328 2907 1389 et
2941 1343 3134 1408 super
3158 1323 3469 1391 Lazarum

1925 1434 2273 1509 mortuum,
2291 1435 2355 1494 et
2381 1431 2448 1493 in
2475 1450 2664 1495 cruce
2679 1432 2722 1466 ¹⁸
2744 1454 2760 1495 ι
2787 1455 2818 1493 α
2840 1432 2997 1498 Cum
3018 1434 3293 1498 clamore
3315 1435 3469 1498 vali-

1922 1538 2004 1602 do
2043 1542 2105 1601 61
2151 1538 2454 1621 lacrymis
2502 1537 2796 1619 offerens,
2842 1540 3180 1605 exauditus
3216 1543 3309 1604 cst
3352 1559 3467 1623 pro

1923 1664 2041 1708 sua
2073 1644 2454 1709 reverentia.
2490 1667 2521 1706 n
2546 1644 2779 1725 Verbo,
2810 1646 2962 1729 quia
3001 1645 3150 1710 dicit
3176 1648 3221 1686 ¹⁸
3253 1669 3267 1710 2
3306 1647 3475 1721 Quia

1921 1755 1987 1819 si
2007 1754 2404 1835 coqnovisses
2432 1757 2489 1820 et
2513 1757 2606 1833 tu,
2640 1752 3021 1818 subauditur
3052 1775 3065 1815 :
3100 1752 3309 1818 fleres.
3337 1753 3468 1820 Un-

1922 1860 1999 1924 de
2027 1858 2449 1923 interlinearis
2479 1878 2497 1923 :
2539 1883 2568 1920 c<
2597 1856 2789 1936 Quasi
2816 1859 3120 1938 flevisses,
3151 1877 3296 1940 quae
3327 1878 3466 1925 mo-

1921 1967 2003 2033 do
2030 1966 2302 2031 exultas.
2332 1990 2361 2027 »
2401 1965 2616 2031 Fleute
2642 1986 2802 2049 ergo
2830 1962 3099 2032 Domino
3124 1985 3239 2049 pro
3259 1968 3466 2048 nobis,

1922 2093 2146 2140 omnes
2192 2094 2340 2140 cum
2380 2076 2518 2159 ipso
2560 2075 2712 2140 flere
2766 2075 3095 2141 debemus,
3158 2073 3203 2137 F
3207 2076 3468 2141 lendum

1922 2186 2139 2248 autem
2167 2187 2257 2247 est
2285 2202 2401 2266 pro
2428 2184 2632 2267 culpa,
2665 2189 2737 2248 ut
2766 2184 3165 2266 ignoscatur;
3192 2203 3306 2268 pro
3320 2203 3469 2267 gra-

1923 2291 2033 2370 tia,
2066 2294 2140 2355 ut
2164 2291 2559 2370 obtineatur3
2588 2309 2703 2374 pro
2726 2291 3002 2373 miseria,
3035 2297 3107 2356 ut
3125 2294 3463 2370 evadatur;

1921 2414 2039 2479 pro
2068 2399 2292 2481 patria,
2325 2402 2396 2462 ut
2423 2397 2502 2462 ad
2531 2417 2670 2462 eam
2700 2398 3015 2470 veniatur.

2002 2504 2091 2567 De
2105 2504 2368 2587 primo¹⁶
2385 2526 2397 2568 :
2414 2527 2443 2564 α
2455 2503 2765 2586 Egressus
2782 2506 2967 2586 foras,
2984 2506 3160 2569 flevit
3174 2524 3408 2570 amare.
3427 2529 3458 2566 n

1924 2605 1989 2673 Si
2034 2610 2257 2674 Petrus
2306 2629 2419 2695 pro
2472 2613 2641 2676 trina
2693 2612 3036 2704 negatione
3084 2618 3214 2678 tam
3252 2632 3470 2679 amare

1921 2715 2122 2797 flevit,
2154 2724 2392 2801 quanto
2436 2719 2578 2801 plus
2622 2722 2694 2784 tu
2740 2738 2857 2801 pro
2892 2719 3067 2784 mille
3102 2720 3469 2801 negationi·

1921 2825 2045 2889 bus
2071 2825 2225 2891 flere
2252 2826 2470 2890 debes!
2491 2826 2744 2904 Quoties
2762 2827 2935 2891 enim
2959 2826 3308 2891 mortaliter
3326 2845 3473 2910 pec-

1923 2933 2103 3012 casti,
2119 2934 2304 2998 toties
2323 2951 2514 3016 opere
2530 2933 2727 2998 Deum
2742 2934 2998 3016 negasti
3015 2936 3060 2976 ¹⁷
3084 2952 3146 2997 :a
3164 2932 3474 2999 Confiten-

1921 3047 2029 3106 tur
2065 3061 2133 3106 se
2167 3060 2353 3106 nosse
2385 3041 2608 3121 Deum;
2661 3043 2841 3107 factis
2876 3047 3092 3107 autem
3137 3047 3400 3124 negant.
3430 3066 3461 3102 n

1923 3148 2047 3214 Sed
2076 3149 2228 3233 quia
2254 3168 2486 3233 parum
2523 3151 2691 3214 valet
2735 3151 2923 3215 116163
2961 3150 3293 3214 oculorum
3334 3151 3474 3215 sine

1923 3258 2339 3322 conversione
2369 3275 2646 3337 morum,
2685 3257 2827 3322 ideo
2855 3257 3085 3321 dicitur
3112 3258 3156 3295 ¹⁸
3184 3280 3200 3322 ε
3229 3280 3260 3319 α
3287 3256 3472 3323 Nunc

1923 3384 2085 3447 ergo
2124 3366 2191 3428 in
2229 3370 2363 3430 toto
2411 3366 2597 3430 corde
2642 3369 2858 3428 vestro
2910 3364 3355 3430 convertimini
3391 3365 3471 3429 ad

1924 3493 2049 3554 me,
2083 3473 2230 3539 dicit
2261 3471 2587 3550 DominuS‚
2618 3473 2953 3555 injejunio
2981 3472 3245 3551 6111616,
3281 3494 3311 3531 n
3347 3476 3465 3537 etc.

1925 3580 2101 3647 Certe
2128 3583 2239 3665 qui
2267 3581 2523 3647 63361111
2549 3582 2739 3645 domo
2765 3580 3049 3664 undique
3077 3581 3344 3658 ardenti,
3377 3580 3471 3644 in-

1924 3688 2306 3754 stantissime
2333 3689 2644 3754 laboraret
2669 3707 2812 3753 eam
2839 3687 3020 3770 aquis
3048 3689 3466 3770 extinguere3

1923 3798 2167 3877 quanto
2187 3796 2417 3877 magiS,
2439 3814 2477 3859 o
2502 3795 2690 3859 stulte
2710 3794 2930 3874 homo,
2952 3813 3103 3860 cum
3123 3813 3229 3858 cor
3252 3799 3322 3859 16
3331 3814 3461 3877 6111,

1922 3903 2139 3966 anima
2174 3909 2284 3967 tua
2326 3903 2542 3969 ardeat
2568 3903 2846 3966 flammis
2889 3902 3217 3982 vitiorum,
3257 3902 3466 3967 extin-

1926 4026 2129 4090 guere
2185 4007 2374 4073 debes
2431 4010 2615 4091 aquis
2682 4008 2953 4073 fletuum
2996 4009 3012 4070 l
3084 4008 3131 4043 ¹⁹
3192 4031 3224 4069 α
3266 4005 3472 4091 Super

1924 4121 2209 4180 montem
2267 4134 2593 4180 assumam
2644 4115 2897 4195 fletum,
2959 4119 3022 4179 et
3075 4132 3265 4198 super
3320 4133 3470 4198 spe-

1922 4223 2094 4287 ciosa
2130 4222 2361 4287 deserti
2403 4223 2750 4306 planctum,
2795 4221 2945 4305 quia
2980 4222 3136 4303 igne
3167 4240 3469 4287 succensa

1922 4335 2097 4395 sunt.
2130 4352 2162 4391 n
2194 4329 2436 4395 Montes
2471 4334 2622 4395 sunt
2646 4329 2891 4413 praelati
2917 4333 2980 4393 et
3008 4333 3311 4411 potentes.
3343 4329 3462 4392 De-

1922 4442 2165 4502 sertum
2186 4441 2280 4503 est
2298 4437 2522 4520 religio
2542 4437 2643 4504 vel
2661 4435 2953 4516 Ecclesia,
2979 4436 3162 4518 cujus
3189 4434 3469 4516 speciosa

1922 4549 2076 4609 sunt
2122 4547 2291 4611 bona
2344 4564 2558 4629 opera,
2603 4544 2753 4609 boni
2798 4561 3008 4608 mores
3047 4564 3061 4605 :
3106 4541 3340 4625 quihus
3376 4540 3467 4605 illi

1923 4654 2381 4733 assimilantur,
2407 4654 2484 4718 de
2504 4672 2633 4736 quo
2651 4651 2985 4717 psalmista
3002 4650 3149 4716 dicit
3164 4649 3210 4686 ¹⁰
3225 4698 3236 4712 .
3251 4672 3281 4711 α
3307 4647 3464 4733 Spe-

1922 4762 2131 4825 ciosus
2160 4761 2385 4840 forma,
2417 4764 2534 4824 etc.
2567 4759 2690 4824 Sed
2717 4760 2949 4823 stultus
2976 4759 3171 4821 homo
3192 4760 3466 4820 mortem
3493 4813 3498 4818 .

1923 4862 2133 4926 carnis
2183 4862 2408 4926 alienae
2456 4861 2666 4941 (161161,
2727 4879 2857 4925 non
2912 4863 3186 4924 mortem
3231 4858 3466 4921 animae

1921 4965 2222 5048 propriae.
2266 4964 2670 5046 Augustinus
2707 4964 2797 5028 sic
2824 4964 2914 5027 ait
2960 4984 2977 5026 ι
3012 4959 3466 5043 «culpabiliter
3508 5057 3515 5068 ἱ

1927 5131 1962 5164 ¹¹
1993 5128 2129 5191 Luc„
2161 5139 2233 5189 vr,
2281 5128 2362 5177 3⁵.
2398 5153 2461 5164 —
2509 5127 2548 5161 ¹²
2577 5125 2713 5186 Luc„
2756 5137 2870 5186 xix,
2926 5125 3004 5173 41.
3043 5149 3094 5158 -
3128 5122 3171 5159 ¹¹
3194 5123 3382 5186 Hymn.
3410 5121 3464 5171 in

1925 5203 2076 5251 Dom.
2113 5201 2253 5250 Pass.
2294 5199 2361 5249 ad
2403 5199 2551 5250 Noct.
2583 5223 2644 5235 --
2698 5197 2733 5232 ¹⁸
2773 5195 2945 5258 Hebr„
2983 5206 3032 5255 ν,
3076 5195 3125 5244 7.
3155 5220 3215 5231 -
3247 5195 3290 5232 ¹⁸
3331 5195 3464 5254 Luc„

1920 5283 2039 5335 xlx,
2074 5273 2153 5323 42.
2184 5296 2245 5308 —
2272 5271 2319 5306 ¹⁸
2354 5269 2558 5329 lauh„
2597 5277 2751 5330 xxvi,
2778 5270 2857 5318 75.
2888 5292 2949 5304 --
2979 5267 3020 5302 ¹⁷
3052 5266 3167 5328 Tit„
3212 5277 3248 5327 1,
3289 5269 3364 5315 16.
3404 5290 3462 5302 -

1923 5346 1962 5382 ¹⁸
1983 5343 2133 5404 Joet„
2160 5356 2216 5405 11,
2251 5345 2324 5394 12.
2345 5368 2409 5381 —
2427 5342 2470 5378 ¹⁸
2489 5344 2696 5402 lemn..
2727 5350 2798 5403 ιι,
2831 5342 2904 5390 to.
2932 5363 2991 5376 -
3013 5339 3056 5372 ἱ·
3076 5338 3215 5387 Psal.
3242 5349 3387 5399 an',
3412 5339 3461 5387 3.

1986 5424 2053 5490 (α)
2086 5425 2238 5475 Forte
2256 5423 2354 5488 leq.
2383 5421 2624 5488 perfectae
2644 5424 2782 5486 sunt,
2802 5424 2877 5472 ut.
2900 5446 2960 5461 -
2988 5418 3063 5486 (⁶5
3079 5421 3193 5486 neq.
3217 5419 3331 5487 quis
3356 5429 3463 5471 uon

1923 5503 2065 5551 amat
2086 5497 2350 5564 seipsum?
