4059 6317
644 366 764 433 456

645 496 836 562 datur
877 496 1084 561 virtus
1125 499 1238 561 tua
1276 515 1393 581 per
1427 495 1785 574 stultitiam,
1814 498 1878 560 et
1901 494 2050 559 folia
2080 498 2193 559 tua

646 604 956 683 comedat,
1002 609 1067 668 et
1119 603 1367 671 fructus
1407 609 1554 670 tuos
1593 604 1836 688 perdat,
1890 607 1956 668 et
2005 602 2194 667 relin-

647 711 864 797 quaris
900 711 1082 776 velut
1131 711 1390 794 lignum
1443 709 1698 777 aridum
1734 711 1804 775 in
1854 711 2123 776 deserto.
2154 731 2185 770 n

649 816 806 885 Item
833 819 1038 904 perdit
1088 818 1250 884 Deus
1292 819 1571 903 aliquem
1609 823 1867 903 propter
1904 819 2195 903 despera-

649 926 890 993 tionem
942 927 1014 991 in
1066 926 1427 993 diffidendo.
1472 926 1649 993 Unde
1701 929 1771 991 in
1826 927 2080 993 Psalmo
2113 930 2131 963 ¹
2174 950 2191 993 1

657 1060 690 1099 α
717 1034 1025 1103 Fructum
1052 1018 1277 1102 eorum
1304 1036 1382 1102 de
1405 1040 1576 1104 terra
1603 1038 1850 1121 perdes,
1890 1041 1954 1102 et
1976 1055 2199 1103 semen

650 1164 874 1212 eorum
902 1164 943 1209 a
964 1144 1115 1209 filiis
1137 1144 1499 1225 hominum,
1529 1146 1836 1229 quoniam
1867 1146 2194 1227 cogitave-

651 1259 805 1321 runt
830 1252 902 1316 111
928 1255 990 1317 te
1016 1251 1207 1316 mala.
1234 1251 1329 1317 llli
1359 1252 1676 1317 declinant
1701 1253 1951 1318 malain
1971 1251 2198 1333 Deum,

654 1361 766 1447 qui
794 1361 1199 1444 desperantes
1226 1360 1303 1425 de
1333 1360 1551 1425 divina
1584 1361 2040 1440 misericordia,
2070 1379 2202 1429 non

656 1468 923 1534 credunt
965 1466 1138 1551 quod
1177 1466 1422 1550 possint
1459 1469 1758 1553 consequi
1792 1488 2061 1534 suorum
2090 1487 2200 1535 ve-

658 1575 835 1639 niam
868 1577 1272 1659 peccatorum
1307 1596 1323 1638 ε
1363 1594 1642 1659 quorum
1671 1577 1949 1641 fructum
1976 1595 2201 1661 opera-

657 1681 876 1761 tionis,
919 1685 986 1746 et
1021 1680 1259 1746 laboris
1305 1680 1470 1747 Deus
1519 1682 1745 1766 perdit.
1793 1683 1971 1750 Unde
2005 1684 2041 1750 J
2048 1685 2205 1750 udas

658 1792 888 1859 merito
915 1790 1098 1871 filius
1128 1788 1520 1873 perditionis
1549 1790 1994 1875 interpretatar
2015 1800 2063 1873 ²,
2092 1793 2204 1876 qui

659 1899 951 1965 diffidens
992 1898 1072 1963 de
1115 1897 1335 1962 divina
1380 1898 1634 1980 pietate,
1681 1897 1957 1982 laqueo⁸
1982 1918 2051 1964 se
2093 1918 2209 1966 su-

659 2006 932 2091 spendit.
964 2004 1200 2069 Dicitur
1227 2004 1419 2069 etiam
1460 2022 1679 2069 semen
1706 2023 1932 2073 eorum
1961 2008 2141 2089 perdi
2168 2025 2206 2071 a

655 2113 804 2179 filiis
826 2112 1190 2194 hominum,
1225 2129 1301 2176 eo
1328 2110 1500 2196 quod
1531 2111 1689 2177 illud
1717 2116 2048 2198 peccatum
2075 2132 2210 2180 non

658 2225 754 2287 est
779 2221 1113 2285 inventum
1160 2220 1242 2284 ab
1283 2217 1570 2297 homine,
1611 2220 1719 2284 sed
1748 2238 1789 2283 a
1814 2219 2066 2286 diabolo
2092 2221 2209 2305 qui

659 2327 817 2393 illud
841 2325 1111 2390 seminat
1135 2323 1202 2388 in
1231 2323 1415 2389 filios.
1450 2324 1720 2408 Propter
1746 2325 1866 2390 hoc
1894 2326 2046 2391 dicit
2069 2327 2214 2415 Au:

658 2434 960 2519 gostinus
984 2431 1031 2511 ⁸,
1064 2431 1145 2499 de
1173 2432 1414 2498 Anima
1439 2437 1500 2500 et
1530 2432 1819 2516 Spiritu:
1851 2457 1883 2494 α
1908 2433 2108 2500 Ν61116
2128 2436 2209 2501 de

659 2543 888 2626 pietate
927 2538 1039 2605 Dei
1080 2539 1345 2619 diffidat,
1378 2539 1535 2624 quia
1564 2539 1789 2604 melior
1824 2544 1919 2605 est
1952 2540 2059 2607 Dei
2086 2543 2211 2606 mi-

658 2648 1020 2728 sericordia,
1051 2666 1244 2731 quam
1269 2651 1489 2713 nostra
1516 2647 1796 2712 miseria.
1823 2669 1854 2707 n

736 2761 949 2826 Tertio
984 2760 1193 2844 perdit
1233 2759 1402 2825 Deus
1447 2758 1728 2842 aliquem
1754 2763 2012 2842 propter
2038 2758 2204 2825 dete-

660 2870 933 2935 ctionem
978 2867 1299 2952 patientiae
1343 2850 1415 2929 in
1459 2866 1862 2945 sustinendo;
1914 2866 2087 2933 unde
2125 2867 2148 2904 ⁸
2184 2888 2203 2932 :

668 3001 701 3040 α
733 2977 941 3055 Quare
969 2975 1245 3059 reputati
1275 2992 1502 3039 sumus
1534 2978 1609 3040 ut
1637 2977 1953 3058 jumenta,
1984 2978 2050 3039 et
2074 2992 2207 3040 sor·

660 3084 923 3151 duimus
964 3101 1181 3147 coram
1222 3086 1330 3146 te?
1378 3081 1499 3160 Qui
1543 3082 1623 3164 (α)
1673 3081 1885 3164 perdis
1923 3082 2207 3146 animam

658 3196 841 3258 tuam
877 3191 949 3255 in
988 3190 1202 3255 furore
1229 3192 1363 3254 tuo.
1394 3211 1425 3249 1>
1453 3188 1613 3254 Vere
1649 3188 1984 3273 impatiens
2011 3194 2074 3252 et
2100 3190 2204 3254 fu-

661 3298 893 3379 riosus,
925 3298 1038 3381 qui
1072 3295 1151 3361 ad
1178 3295 1530 3379 quamlibet
1554 3295 1906 3360 molestiam
1936 3295 2059 3360 sibi
2077 3296 2211 3361 illa-

664 3408 795 3471 tam
828 3404 970 3469 vult
1010 3403 1429 3482 recalcitrare,
1479 3407 1543 3467 et
1577 3402 1921 3485 rependere
1947 3402 2156 3468 vicem
2187 3426 2202 3468 ε

657 3514 1052 3596 jumentum,
1084 3513 1146 3574 et
1173 3528 1303 3575 non
1325 3509 1543 3587 hom0‚
1582 3510 1769 3575 debet
1793 3510 2100 3593 reputari,
2132 3529 2210 3576 eo

663 3620 836 3705 quod
869 3636 1002 3683 non
1045 3618 1297 3700 regitur
1340 3616 1715 3684 discretione
1763 3617 2050 3697 rationiS,
2100 3618 2211 3684 sed

663 3727 826 3792 forte
851 3725 1098 3790 bestiali
1137 3729 1317 3789 motu
1342 3723 1769 3789 sensualitatis
1812 3746 1826 3789 ε
1859 3728 1922 3788 et
1949 3727 2211 3808 propter

662 3835 787 3899 hoc
813 3832 1155 3918 aliquando
1172 3833 1468 3896 sordetur
1484 3831 1891 3912 cogitationis
1912 3830 2214 3912 maligni-

664 3948 814 4023 tate,
849 3946 913 4008 et
928 3941 1157 4025 judicii
1185 3940 1538 4005 temeritate
1561 3940 1629 4004 in
1649 3939 1858 4020 corde,
1884 3939 2211 4022 opprobrii

665 4050 1132 4117 conviciositate
1157 4049 1227 4113 in
1253 4066 1385 4129 ore,
1419 4045 1715 4111 maleficii
1741 4046 2107 4111 crudelitate
2144 4046 2212 4111 in

665 4176 877 4242 opere,
897 4162 959 4223 et
972 4161 1125 4222 tunc
1143 4156 1212 4220 in
1234 4156 1450 4220 furore
1475 4153 1680 4238 perdit
1696 4153 1979 4218 animam
1998 4172 2208 4219 suam.

667 4267 995 4350 Rogemus
1023 4284 1184 4348 ergo
1211 4263 1559 4331 Dominum
1586 4266 1904 4343 nostrum,
1925 4265 2046 4327 etc.

1182 4439 1474 4512 SERMO
1527 4440 1619 4509 111
1643 4436 1691 4508 ‘.

747 4590 984 4668 Amice,
1014 4585 1323 4670 quomodo
1348 4584 1468 4650 huc
1502 4585 1794 4662 intrasti,
1824 4598 1955 4649 non
1979 4582 2213 4650 habens

669 4702 896 4766 vestem
936 4695 1289 4779 nuptialem
1315 4692 1564 4759 ''P'Haec
1608 4692 1799 4758 vestis
1838 4696 1933 4758 est
1972 4693 2213 4776 optima

669 4803 1063 4871 conversatio
1103 4803 1290 4866 bonae
1342 4801 1517 4877 vitae,
1562 4819 1708 4884 quae
1747 4801 1976 4865 melius
2022 4800 2214 4865 vestit

669 4916 997 4983 hominem
1025 4933 1222 4999 quam
1266 4931 1554 4997 purpura
1588 4913 1692 4978 vel
1719 4931 1977 4977 aurum.
2007 4911 2213 4977 Vestis

737 5081 755 5115 ¹
789 5078 923 5130 Psoi·
954 5089 1055 5141 xx,
1099 5077 1174 5127 11.
1204 5100 1269 5115 -
1301 5073 1322 5107 ²
1356 5075 1524 5137 Joan„
1565 5085 1706 5140 xvir,
1743 5078 1822 5126 ¹2.
1850 5102 1915 5116 —
1953 5076 1973 5107 ³
2004 5075 2213 5139 flatile„

671 5163 844 5215 xxvu,
883 5154 929 5203 5.
957 5176 1022 5188 —
1061 5149 1080 5179 ⁴
1128 5148 1236 5199 lmo
1277 5149 1457 5199 auctor
1499 5145 1587 5197 lib.
1630 5145 1693 5198 de
1736 5146 1878 5211 spir.
1924 5149 1973 5198 et
2016 5148 2212 5213 Anam„

671 5235 719 5273 c.
750 5233 822 5285 vi,
848 5221 984 5272 inter
1009 5218 1182 5285 spuria
1218 5219 1371 5283 Aug„
1409 5218 1644 5282 Append.
1682 5221 1810 5269 tom.
1848 5220 1935 5271 vt.
1959 5245 2021 5256 -
2049 5221 2071 5256 ⁸
2097 5218 2211 5281 lob,

671 5303 831 5356 xvut,
867 5294 965 5344 3-4.
990 5317 1056 5331 —
1081 5291 1103 5327 ⁸
1137 5291 1287 5343 Hunc
1319 5293 1371 5341 et
1390 5292 1496 5340 tres
1522 5303 1631 5356 seq.
1666 5288 1822 5342 babet
1847 5304 2054 5357 quoque
2082 5290 2207 5343 edit.

672 5361 833 5416 Paris.
861 5376 945 5414 an.
976 5364 1116 5415 1521.
1134 5389 1188 5400 —
1219 5362 1237 5393 ⁷
1265 5358 1468 5422 lauh„
1497 5372 1628 5426 xxu,
1659 5363 1734 5413 12.
1757 5387 1818 5399 —
1842 5362 1865 5397 ⁸
1891 5360 2062 5428 Sapie„
2088 5373 2126 5426 1,
2153 5363 2204 5413 8.

1740 358 2171 429 SERMONES
2208 357 2315 425 mi:
2353 359 2751 433 TEuPoRss.

2300 498 2519 561 autem
2549 498 2738 563 bonae
2772 495 2925 562 vitae
2963 496 3319 565 necessaria
3352 500 3448 561 est
3470 498 3555 563 ad
3579 497 3853 563 evaden-

2297 602 2447 667 dam
2491 604 2809 686 gehennae
2864 603 3364 684 damnationem,
3402 605 3487 669 ad
3533 604 3849 689 repellen-

2298 710 2447 775 dam
2473 711 2775 797 nequitiae
2814 711 3251 789 tentationem,
3294 712 3376 777 ad
3411 712 3852 796 accipiendam

2299 817 2528 898 gratiae
2542 818 3064 893 benedictionem,
3083 819 3163 884 ad
3181 820 3598 885 obtinendam
3623 819 3852 901 gloria

2298 924 2770 991 exaltationem.

2383 1031 2676 1097 Primum
2714 1036 2887 1117 patet
2925 1033 3051 1115 hic,
3098 1032 3250 1118 quia
3302 1033 3443 1101 sine
3497 1040 3684 1103 veste
3740 1058 3855 1104 nu-

2301 1139 2479 1225 ptiali
2497 1141 2715 1207 nullus
2747 1141 3218 1207 damnationem
3237 1142 3473 1209 evadit.
3508 1143 3853 1212 Damnatus

2304 1251 2401 1312 aet
2434 1253 2673 1329 autem,
2730 1248 2845 1334 qui
2897 1248 3090 1314 habet
3126 1254 3369 1314 vestem
3405 1256 3786 1319 extraneam
3820 1277 3856 1321 a

2305 1359 2674 1421 sanctorum
2730 1358 3211 1423 conversatione
3245 1362 3266 1397 ⁸
3305 1380 3320 1422 ι
3360 1382 3393 1419 ιι
3420 1360 3719 1427 visitabo
3756 1383 3857 1428 sn·

2306 1481 2420 1546 per
2436 1481 2681 1543 omneS,
2698 1465 2811 1545 qui
2830 1464 3031 1529 induti
3055 1470 3208 1530 sunt
3232 1471 3409 1533 veste
3429 1472 3810 1557 peregrina.
3823 1494 3850 1532 ι

2308 1565 2467 1634 Item
2493 1571 2604 1654 qui
2631 1571 2824 1636 habet
2849 1575 3092 1637 vestem
3116 1574 3397 1641 roetidam
3423 1577 3496 1640 in
3529 1579 3713 1642 mala
3724 1579 3852 1661 opi·

2309 1677 2521 1743 nione.
2567 1676 2745 1743 Unde
2785 1680 3153 1763 praecipitur
3185 1681 3232 1760 ⁹,
3275 1686 3349 1746 ut
3383 1684 3585 1748 vestis
3614 1685 3855 1767 leprosa

2311 1785 2588 1849 flammis
2611 1786 3044 1867 comburatur,
3073 1789 3347 1855 flammis
3392 1791 3631 1876 utique
3670 1794 3857 1859 infer-

2309 1892 2585 1959 nalibus.
2617 1893 2776 1959 Item
2803 1896 2915 1979 qui
2941 1902 3183 1963 vestem
3205 1900 3780 1981 sanguinolentam
3797 1904 3859 1969 in

2312 2002 2756 2087 proximorum
2775 2006 3182 2088 oppressione
3207 2011 3272 2071 et
3295 2009 3747 2075 cruentatione
3770 2012 3813 2046 ¹⁰
3842 2032 3856 2076 :

2321 2130 2353 2171 α
2374 2108 2593 2174 Omnis
2621 2109 2901 2177 violenta
2926 2113 3230 2195 praedatio
3257 2133 3405 2179 cum
3445 2117 3775 2198 tumultu,
3807 2123 3863 2183 et

2312 2217 2766 2307 vestimentum
2792 2219 3071 2285 mixtum
3100 2223 3419 2304 sanguine
3440 2224 3569 2289 erit
3596 2226 3673 2291 in
3706 2244 3863 2291 eom·

2314 2323 2701 2406 bustionem,
2722 2330 2784 2391 et
2809 2327 2991 2392 cibus
3017 2327 3210 2410 ignis.
3239 2350 3270 2389 1>
3307 2329 3395 2394 De
3412 2330 3538 2413 his,
3566 2334 3687 2416 qui
3714 2334 3861 2401 tale·

2312 2436 2521 2497 vestes
2545 2432 2802 2514 habent,
2833 2437 2896 2497 et
2918 2436 3092 2500 veste
3117 2436 3388 2519 nuptiali
3414 2443 3663 2518 carent,
3700 2439 3859 2505 (1111·-

2312 2542 2422 2603 tur
2456 2539 2563 2604 hic
2596 2562 2611 2605 ε
2649 2541 2904 2625 Liqatis
2945 2541 3243 2609 manibus
3288 2550 3351 2610 et
3387 2543 3692 2626 pedibus,
3738 2553 3856 2613 etc.

2312 2646 2716 2729 Ligabuntur
2741 2650 2912 2713 enim
2940 2649 3010 2713 in
3037 2650 3358 2732 gehenna,
3402 2652 3514 2734 qui
3552 2653 3664 2718 bic
3704 2673 3861 2737 prae·

2312 2756 2508 2838 ceptis
2528 2754 2883 2835 dominicis,
2909 2760 2971 2822 et
2990 2758 3192 2839 puris,
3213 2760 3278 2822 et
3299 2758 3653 2844 disciplinis
3669 2760 3861 2845 ligari

2313 2862 2656 2941 noluerint,
2709 2863 2871 2927 sicut
2912 2863 2990 2928 de
3033 2864 3426 2931 daemoniaco
3468 2867 3707 2935 dicitur
3751 2871 3795 2907 ¹¹
3839 2892 3855 2935 ε

2323 2993 2354 3031 α
2382 2969 2602 3054 Neque
2637 2970 2875 3036 catenis
2911 2971 3251 3055 quisquam
3296 2976 3543 3056 poterat
3581 2993 3739 3041 eum
3784 2976 3857 3043 li-

2316 3095 2495 3160 gare.
2522 3100 2552 3137 »
2574 3078 2743 3144 Bene
2770 3084 2984 3144 autem
3012 3080 3280 3145 dicitur:
3307 3083 3561 3166 Liqatis
3589 3084 3859 3167 pedibus

2314 3192 2378 3254 et
2399 3186 2719 3252 manibus.
2750 3185 2969 3252 Glossa
2996 3188 3038 3225 ¹¹
3065 3205 3084 3250 :
3110 3210 3142 3248 ι
3156 3188 3363 3253 Etiam
3379 3189 3638 3273 singula
3658 3209 3861 3257 mem-

2315 3293 2430 3358 bra
2482 3294 2689 3378 poenis
2741 3295 3184 3378 subjicientur,
3229 3315 3377 3385 quae
3427 3298 3534 3363 1116
3586 3300 3863 3381 singulis

2316 3400 2493 3467 vitiis
2534 3402 2911 3467 servierunt.
2954 3424 2986 3463 n
3038 3401 3151 3468 Vae
3187 3422 3345 3486 ergo
3389 3406 3716 3486 manibus,
3764 3426 3863 3473 γε

2315 3509 2604 3591 pedibus»,
2639 3529 2736 3575 vae
2765 3510 3038 3592 singulis
3064 3512 3369 3577 membris
3385 3532 3425 3578 a
3444 3514 3615 3579 bono
3635 3533 3864 3581 vacan-

2317 3616 2489 3680 tibus
2516 3619 2580 3681 et
2605 3617 2846 3682 solutis.
2879 3618 3002 3683 Sed
3026 3637 3126 3684 vae
3154 3606 3366 3701 magis
3384 3619 3455 3684 in
3472 3621 3645 3687 malo
3674 3641 3744 3687 se
3768 3642 3865 3689 oo·

2319 3725 2720 3806 cupantibuS,
2750 3728 2815 3791 et
2848 3725 3085 3808 ligatis.
3135 3727 3481 3811 Gregorius
3508 3730 3555 3765 ¹⁸
3587 3753 3603 3794 ε
3650 3754 3684 3793 α
3709 3732 3865 3811 Quae

2316 3849 2450 3895 non
2476 3836 2697 3914 sponte
2718 3832 3000 3914 ligantur
3021 3834 3090 3898 in
3115 3834 3269 3915 vita,
3296 3839 3450 3901 tunc
3468 3837 3532 3901 in
3556 3840 3867 3923 supplicia

2318 3939 2609 4022 ligantur
2630 3940 2850 4007 invite.
2873 3964 2903 4001 ι

2401 4046 2486 4111 De
2512 4048 2787 4112 secundo
2806 4049 2858 4088 ’δ’
2884 4070 2898 4113 :
2925 4071 2957 4110 a
2982 4047 3122 4114 Non
3148 4050 3399 4115 timebit
3421 4051 3647 4121 domui
3674 4072 3813 4121 suae
3831 4075 3867 4121 a

2322 4155 2673 4238 frigoribus
2698 4157 2897 4236 nivis;
2927 4175 3151 4223 omnes
3170 4159 3342 4225 enim
3366 4159 3699 4227 domestici
3724 4166 3866 4248 ejus

2324 4263 2529 4330 vestiti
2557 4271 2707 4331 sunt
2730 4263 3113 4347 duplicibus,
3142 4285 3173 4324 1>
3197 4264 3429 4332 Mulier
3451 4268 3634 4333 fortis
3660 4269 3871 4337 Eccle-

2322 4372 2414 4435 sia
2459 4375 2596 4450 est3
2644 4371 2859 4452 frigus
2904 4371 3097 4450 niviS,
3155 4373 3551 4455 refrigeratio
3598 4377 3867 4443 fervoris

2321 4477 2667 4563 spiritualis
2693 4479 2737 4514 ¹⁸
2766 4500 2781 4541 :
2827 4500 2869 4539 «1
2889 4477 3277 4560 Refrigescet
3315 4480 3591 4549 charitas
3632 4485 3864 4551 multo-

2322 4604 2495 4651 rum.
2527 4606 2558 4645 n
2597 4585 2938 4650 Domestici
2959 4591 3114 4650 sunt
3143 4603 3294 4652 vere
3318 4587 3536 4653 fideles
3563 4590 3608 4626 ¹⁸
3637 4612 3705 4654 :c
3726 4591 3864 4657 Jam

2322 4712 2453 4759 non
2476 4693 2626 4758 estis
2650 4692 2996 4779 hospites,·
3033 4699 3179 4773 etc„
3209 4712 3414 4777 usque
3446 4716 3461 4759 ε
3494 4696 3863 4764 «domestici

2323 4800 2454 4867 Dei.
2512 4824 2543 4860 »
2599 4799 2681 4864 Hi
2727 4801 2946 4868 vestiti
2982 4805 3135 4867 sunt
3174 4800 3576 4884 duplicibus,
3629 4805 3695 4869 id
3735 4810 3859 4885 est,

2322 4926 2539 4974 amore
2568 4908 2673 4973 Dei
2703 4912 2767 4973 et
2801 4907 3111 4989 proximi;
3146 4909 3249 4973 vel
3276 4909 3450 4974 intus
3493 4910 3854 4993 virtutibus,

2324 5078 2379 5090 -
2407 5052 2427 5083 ⁹
2454 5052 2634 5113 Levia,
2673 5062 2787 5115 xm,
2820 5053 2899 5103 52.
2928 5075 2991 5088 -
3021 5051 3063 5088 ί·
3088 5052 3209 5114 Itu„
3241 5064 3326 5117 1¹,
3357 5056 3405 5105 5.
3444 5079 3509 5092 —
3539 5055 3573 5089 ¹¹
3598 5055 3781 5117 Hm„
3809 5067 3856 5119 11,

2321 5124 2368 5173 3.
2398 5149 2463 5161 -
2486 5125 2531 5159 ¹¹
2558 5123 2722 5175 Gloss.
2755 5135 2822 5174 ex
2858 5121 3005 5184 Bed.,
3033 5123 3087 5172 in
3123 5122 3331 5185 Manli„
3358 5135 3489 5175 xxu.
3522 5152 3577 5162 -
3618 5125 3657 5160 ¹⁸
3684 5126 3853 5192 Greg„

2322 5195 2377 5244 in
2398 5195 2611 5260 Evanq„
2638 5194 2782 5245 hom.
2814 5204 3036 5258 xxxvm,
3062 5208 3116 5245 n.
3148 5196 3226 5246 ¹3.
3252 5220 3312 5234 -
3344 5196 3386 5230 ⁸⁴
3414 5197 3584 5261 Pron„
3606 5210 3751 5261 xxxi,
3775 5200 3853 5250 n.

2320 5293 2383 5306 -
2413 5267 2450 5302 ¹⁸
2474 5266 2678 5329 Manli„
2705 5277 2849 5330 xxiv,
2878 5268 2960 5317 ¹8.
2984 5290 3049 5306 -
3079 5267 3115 5298 ¹·
3144 5264 3349 5333 Epium,
3379 5279 3442 5333 11,
3468 5270 3548 5323 19.

2384 5357 2455 5423 (a)
2486 5358 2608 5411 Cae.
2638 5355 2760 5409 edit.
2789 5353 2929 5421 quid.
