4059 6317
651 453 771 516 526

651 583 798 661 quia
821 583 923 643 Dei
952 581 1195 641 dictum.
1234 583 1419 640 Nemo
1464 578 1627 639 enim
1668 585 1866 656 posset
1907 581 1992 638 sic
2034 597 2098 639 se
2141 584 2203 640 et

648 695 759 737 sua
787 681 1204 746 contemnere,
1227 674 1343 733 nisi
1370 674 1476 733 illo
1504 674 1796 747 donante,
1827 691 1864 733 a
1898 691 2021 749 quo
2065 679 2154 733 est
2179 674 2195 709 ¹

653 790 683 825 α
712 787 893 830 omne
919 770 1127 828 datum
1155 769 1446 843 optimum
1461 810 1478 838 ‚
1510 771 1568 826 et
1598 783 1776 826 omne
1805 767 2035 826 donum
2061 783 2197 841 per·

648 865 886 925 fectum.
920 884 948 917 ι»
979 863 1094 922 Sed
1120 862 1303 920 hodie
1332 860 1725 919 contemnitur
1752 864 2102 936 paupertas,
2140 865 2199 920 et

649 959 897 1019 avaritia
920 962 1151 1030 regnat,
1182 955 1343 1031 quia,
1370 954 1522 1013 sicut
1544 954 1757 1013 dicitur
1775 955 1822 1026 2,
1844 976 1874 1010 ι
1892 971 1931 1014 a
1945 954 2195 1012 minimo

646 1069 839 1127 usque
867 1051 949 1110 ad
974 1051 1324 1117 maximum,
1352 1064 1561 1108 omnes
1586 1048 1848 1107 avaritias
1876 1048 2129 1107 student.
2151 1069 2182 1102 ι

649 1151 716 1207 Et
741 1147 959 1207 deinde
995 1147 1211 1206 dicitur
1238 1149 1262 1184 ⁸
1291 1166 1305 1204 :
1343 1165 1371 1201 α
1400 1145 1656 1205 Avaritia
1693 1160 1872 1220 super
1906 1148 2086 1219 caput
2119 1144 2195 1218 (a)

650 1241 943 1301 omnium.
984 1263 1013 1295 n
1065 1243 1180 1299 Nec
1226 1239 1534 1299 attendunt
1569 1238 1767 1296 miseri
1786 1279 1806 1309 ,
1844 1238 2010 1312 quod
2045 1237 2197 1295 illud

650 1334 818 1410 quod
854 1338 1066 1393 natura
1109 1334 1222 1392 sub
1269 1333 1486 1392 nostris
1534 1332 1703 1407 ponit
1748 1330 2038 1406 pedibus,
2082 1331 2197 1405 ipsi

648 1444 926 1501 perversa
953 1431 1163 1486 natura
1189 1426 1304 1485 sibi
1330 1431 1565 1501 ponunt
1590 1441 1768 1500 super
1792 1428 1988 1499 caput.
2019 1426 2198 1482 Num-

648 1522 797 1598 quid
824 1538 948 1580 non
973 1527 1185 1580 nature
1211 1521 1379 1579 dedit
1417 1521 1522 1579 tibi
1565 1525 1781 1578 terrem
1818 1518 2077 1593 pedibus
2117 1519 2197 1577 ad

648 1616 1167 1677 conculcandum?
1223 1620 1373 1689 Ergo
1417 1619 1624 1674 contra
1667 1618 1941 1673 naturam
1985 1620 2104 1686 est,
2146 1616 2197 1673 si

649 1714 803 1770 terra
834 1712 1064 1770 homini
1108 1710 1477 1783 dominetur,
1521 1726 1656 1785 quae
1700 1709 1755 1767 ei
1799 1709 1937 1767 deta
1971 1714 2087 1780 est,
2134 1714 2200 1767 ut

648 1804 908 1879 pedibus
949 1805 1342 1863 conculcetur.
1387 1805 1505 1862 Sed
1549 1803 1847 1878 numquid
1891 1819 2104 1861 aurum
2140 1807 2200 1862 et

649 1903 960 1973 argentum
989 1915 1110 1956 non
1136 1902 1450 1971 generatur
1476 1915 1548 1955 ex
1591 1899 1788 1956 terra?
1826 1899 1948 1956 imo
1985 1913 2196 1955 secun-

650 1994 795 2052 dum
835 1992 1258 2066 Philosophum
1298 1997 1435 2049 sunt
1474 1991 1804 2065 egestiones
1846 1994 2044 2061 terroe,
2087 2007 2197 2049 nec

649 2086 879 2146 mireris
907 2087 954 2142 si
990 2086 1120 2143 haec
1148 2089 1283 2142 sunt
1309 2084 1551 2143 metalla
1590 2085 1720 2159 ipsa
1752 2089 1908 2143 terra
1947 2084 2195 2157 viliora,

649 2196 790 2238 cum
824 2181 940 2237 siut
965 2196 1034 2236 ex
1066 2182 1218 2237 terra
1248 2182 1471 2247 creata,
1501 2184 1557 2235 et
1596 2177 1676 2236 ad
1717 2176 2024 2236 modicum
2062 2181 2199 2235 sunt

648 2273 834 2346 utilia,
856 2274 968 2331 nisi
991 2276 1284 2348 quantum
1313 2288 1386 2330 ea
1410 2270 1550 2328 facit
1572 2270 1879 2331 aestimatio
1905 2271 2194 2344 humana,

650 2383 784 2443 quoe
812 2367 957 2425 olim
986 2382 1059 2424 ea
1084 2365 1295 2423 habuit
1317 2364 1630 2434 vilissima,
1659 2369 1719 2422 et
1742 2363 1879 2439 plus
1904 2380 1985 2422 aes
2012 2381 2197 2439 quam

651 2477 863 2520 aurum
886 2460 1240 2535 reputabant
1271 2476 1286 2516 ε
1319 2473 1464 2530 ergo
1500 2473 1624 2515 non
1662 2473 1772 2515 sue.
1808 2443 2054 2530 natura,
2090 2459 2197 2516 sed

595 2604 606 2615 .
650 2554 953 2614 oestimatio
992 2552 1122 2612 sola
1156 2569 1227 2611 ea
1260 2551 1398 2611 facit
1435 2552 1708 2627 pretiosa.
1742 2552 2043 2626 Numquid
2074 2568 2197 2611 non

651 2648 789 2724 plus
811 2649 971 2707 valet
995 2646 1376 2715 frumentum,
1399 2661 1580 2720 quam
1604 2661 1839 2715 aurum,
1858 2662 1995 2704 cum
2015 2646 2088 2704 sit
2114 2652 2197 2704 to-

590 2822 594 2827 ,
651 2744 766 2800 tius
795 2742 926 2799 vitae
954 2740 1520 2798 sustentamentum?
1559 2738 1667 2808 Qui
1708 2742 1860 2796 esset
1893 2737 1952 2794 in
1992 2738 2197 2813 aliquo

421 3581 560 3636 plum.

652 2835 808 2907 loco,
837 2839 894 2893 et
920 2838 1069 2893 esset
1094 2834 1297 2909 utiq-ue
1319 2832 1534 2908 plenus
1562 2848 1730 2903 auro,
1764 2831 1815 2888 si
1846 2848 2000 2906 pane
2028 2848 2195 2891 care·

653 2935 742 2988 ret
763 2933 820 2987 et
845 2927 1164 2998 frumento,
1195 2943 1419 2998 nonne,
1445 2925 1761 2984 invadente
1788 2924 1974 2996 fame,
2007 2930 2198 2985 totum

656 3022 824 3080 daret
850 3037 1063 3078 aurum
1087 3037 1199 3094 pro
1229 3020 1470 3078 modico
1505 3022 1702 3093 pane?
1739 3019 1837 3077 Dic
1884 3019 2044 3077 unde
2078 3020 2197 3078 hoc

657 3119 831 3185 esset,
860 3113 970 3171 nisi
998 3114 1140 3188 quia
1161 3117 1301 3170 tunc
1328 3115 1537 3171 natura
1574 3112 1739 3171 bono
1778 3112 1994 3172 melius
2033 3117 2196 3172 ante-

655 3209 944 3283 poneret?
984 3209 1148 3265 Nunc
1193 3210 1389 3265 autem
1431 3206 1610 3263 vilius
1649 3206 2043 3277 trumentum,
2091 3207 2199 3264 sed

657 3301 903 3359 charum
946 3303 1033 3358 est
1069 3315 1312 3371 aurum,
1351 3299 1495 3375 quia
1537 3298 1616 3357 de
1657 3298 1764 3358 illo
1807 3300 2091 3372 multum,
2122 3300 2199 3359 de

657 3393 768 3452 isto
808 3409 953 3451 vero
994 3406 1208 3467 parum
1255 3412 1268 3446 ε
1318 3392 1460 3467 quia
1497 3391 1801 3450 aestimatio
1843 3392 1994 3451 fallit
2026 3393 2190 3466 judi-

614 3539 633 3549 -
659 3488 837 3546 cium.
869 3490 1016 3544 Nam
1044 3485 1292 3562 quidam
1328 3485 1497 3545 miles
1533 3485 1678 3558 t'uit,
1721 3486 1824 3560 qui
1871 3487 2200 3560 pulcherri-

661 3598 822 3639 mam
849 3596 1098 3638 uxorem
1131 3578 1368 3649 habuit,
1404 3581 1463 3635 et
1504 3578 1558 3636 ei
1599 3578 1937 3653 turpissima
1972 3579 2203 3639 famula

660 3675 954 3734 serviebat
983 3693 997 3732 :
1029 3676 1090 3732 in
1119 3690 1302 3749 quem
1340 3673 1511 3731 miles
1546 3674 1753 3730 oculos
1792 3690 1930 3731 cum
1966 3674 2200 3746 injecis-

660 3775 778 3841 set,
805 3773 861 3827 et
887 3785 1020 3827 eam
1044 3768 1317 3826 ardenter
1343 3772 1598 3839 amaret,
1624 3783 1903 3841 perverso
1933 3768 2167 3841 judicio
2185 3809 2201 3835 ,

663 3869 720 3923 et
743 3878 947 3923 amore
976 3862 1150 3921 oculo
1179 3865 1467 3919 excoecato
1482 3902 1502 3932 ,
1530 3860 1846 3919 videbatur
1882 3860 1996 3918 sibi
2036 3862 2205 3936 quod

662 3957 909 4016 domina
937 3961 1057 4014 tote
1087 3954 1306 4029 turpis,
1335 3953 1444 4012 sed
1477 3952 1703 4012 famula
1741 3957 1893 4012 esset
1923 3954 2201 4028 pulcher-

662 4053 833 4110 rima.
861 4052 1126 4123 Cumque
1152 4049 1227 4106 de
1252 4048 1368 4107 hoc
1395 4052 1738 4121 argueretur
1775 4050 1855 4106 ab
1888 4048 2200 4123 omnibuS,

664 4149 721 4203 et
744 4144 856 4202 sibi
883 4144 1201 4213 diceretur,
1230 4142 1397 4216 quod
1425 4142 1670 4200 domina
1694 4146 1844 4199 esset
1877 4142 2204 4217 pulcherri-

663 4254 798 4309 ma,
825 4237 949 4295 haec
974 4239 1171 4294 autem
1196 4233 1420 4293 famula
1455 4236 1607 4291 esset
1631 4230 2001 4310 turpissima,
2025 4236 2204 4295 mira·

664 4332 840 4389 batur
868 4346 945 4388 an
973 4329 1088 4387 hoc
1115 4333 1264 4387 esset
1289 4343 1518 4385 verum.
1548 4328 1638 4385 Ad
1661 4328 1987 4401 quemdam
2009 4329 2204 4402 philo·

664 4425 922 4499 sophum
948 4423 1108 4481 venit
1122 4462 1143 4494 ,
1167 4428 1224 4481 et
1251 4425 1440 4480 totum
1465 4421 1774 4494 negotium
1801 4421 1856 4479 ei
1893 4422 2059 4481 dixit.
2097 4423 2206 4481 Cui

667 4516 1055 4592 philosophus
1087 4534 1101 4573 ;
1134 4525 1312 4575 Amor
1335 4518 1394 4573 te
1421 4514 1602 4585 fallit,
1630 4530 1739 4573 nec
1767 4519 1833 4573 ut
1854 4518 2010 4573 recte
2041 4516 2204 4587 judi·

665 4628 761 4670 ces
777 4654 798 4684 ,
826 4627 937 4669 nec
973 4610 1258 4680 aestimes,
1297 4609 1596 4683 permittit.
1629 4610 1687 4667 Si
1725 4625 1868 4682 ergo
1896 4610 1972 4669 de
1999 4611 2086 4668 eis
2113 4611 2204 4669 vis

664 4710 890 4764 rectum
917 4703 1211 4777 judicium
1249 4702 1431 4776 ferre,
1468 4702 1685 4778 aequali
1723 4703 1998 4762 distantia
2033 4720 2134 4763 eas
2169 4720 2208 4763 a

665 4804 720 4857 te
745 4814 1020 4876 remove,
1057 4801 1125 4855 ut
1160 4796 1470 4855 dominam
1509 4812 1633 4855 non
1673 4797 1874 4871 odias,
1923 4801 1982 4856 et
2023 4798 2206 4857 aliam

664 4910 789 4952 non
816 4893 1051 4967 diligas,
1076 4892 1184 4951 sed
1210 4892 1288 4950 ad
1317 4891 1528 4949 ambas
1551 4890 1768 4966 aequali
1795 4897 1992 4951 mente
2018 4894 2076 4950 te
2100 4893 2206 4951 ha·

664 4990 840 5059 beas,
869 4992 927 5046 et
954 4993 1090 5045 tunc
1125 4985 1358 5044 videbis
1401 4984 1550 5060 quid
1595 4988 1652 5043 te
1696 4985 1776 5044 ad
1811 4986 2207 5057 judicandum

663 5082 953 5159 impediat
987 5099 1003 5140 ε
1034 5082 1176 5156 qnia
1214 5094 1386 5137 amor
1424 5081 1484 5137 et
1527 5078 1737 5137 odium
1776 5078 1994 5139 faisant
2037 5080 2206 5153 jndi-

665 5180 843 5237 cium.
866 5176 1029 5235 Unde
1057 5174 1203 5235 olim
1229 5171 1568 5249 philosophi
1591 5175 1649 5230 et
1665 5178 1854 5248 poetoe
1873 5175 2203 5250 pingebant

726 5307 745 5341 ι
772 5305 969 5370 Jac.,1,
1000 5306 1074 5355 17.
1101 5327 1163 5341 -—
1197 5302 1217 5336 ²
1245 5302 1448 5365 lev-em„
1492 5310 1575 5362 vn,
1606 5301 1682 5350 ¹3.
1704 5325 1767 5339 —
1802 5299 1825 5336 ⁸
1848 5301 2126 5366 Amos,1x,
2156 5308 2204 5355 ¹.

665 5402 729 5416 --
762 5378 778 5408 ⁴
818 5377 891 5428 Ex
937 5375 1084 5440 epist.
1129 5375 1339 5425 Senecae
1382 5372 1448 5423 ad
1493 5373 1553 5423 B.
1599 5372 1830 5423 Panium.
1866 5397 1928 5411 —
1968 5374 1992 5411 ⁸
2024 5374 2208 5438 Ecca„

1687 442 2108 513 SERnONES
2149 443 2251 511 nt
2292 445 2644 514 SANchS.
2687 447 2816 515 XV.

2308 584 2588 641 Amorem
2616 600 2855 643 caecum.
2886 583 2978 644 Sic
3003 584 3181 659 igitur
3219 588 3382 659 patet
3415 582 3583 660 quod
3614 586 3859 646 metm-

2308 674 2389 733 tio
2417 675 2563 733 falsa
2592 691 2805 735 aurum
2838 678 3137 737 frumento
3170 681 3498 755 proeponit,
3530 697 3670 756 quae
3706 697 3857 755 saepe

2306 768 2442 842 plns
2487 770 2719 829 asinum
2735 813 2754 842 ,
2794 788 2978 846 quam
3017 773 3324 832 hominem
3358 790 3600 832 servum
3631 774 3855 848 diligit:

2292 867 2365 920 .et
2390 863 2559 937 quod
2584 868 2672 922 est
2694 866 3040 939 pessimum,
3064 866 3202 941 plus
3229 883 3551 926 nummum
3573 870 3861 944 pretiatur

2307 971 2491 1029 quam
2520 959 2730 1016 Deum.

2376 1051 2648 1110 Secundo
2678 1052 2992 1127 Apostolus
3029 1053 3141 1112 fuit
3171 1070 3279 1112 vas
3317 1055 3550 1114 clarum
3586 1059 3648 1114 et
3684 1055 3860 1115 lumi·

2307 1159 2518 1203 nosum
2541 1161 2651 1220 per
2678 1146 2907 1204 donum
2932 1146 3235 1223 sapientire
3265 1165 3281 1206 ε
3320 1147 3435 1206 fuit
3468 1150 3637 1207 enim
3672 1150 3859 1209 scien·

2306 1237 2401 1295 tias
2420 1238 2815 1310 admirabilis,
2843 1240 2925 1298 ita
2952 1243 3016 1298 ut
3042 1242 3171 1313 ejus
3196 1241 3386 1300 verba
3414 1242 3476 1300 in
3505 1258 3732 1316 magna
3756 1261 3859 1302 ve·

2304 1331 2610 1390 neratione
2647 1335 2865 1393 Seneca
2887 1335 2912 1371 ⁴
2953 1335 3227 1407 haberet,
3278 1340 3337 1393 et
3370 1335 3457 1393 ini
3504 1336 3859 1411 aprobanda

2306 1439 2417 1482 sua
2441 1425 2656 1499 scripta
2681 1428 3098 1500 committeret,
3124 1432 3183 1486 et
3214 1433 3452 1487 senatus
3473 1446 3602 1488 non
3632 1430 3856 1488 medio·

2306 1519 2480 1577 criter
2506 1519 2747 1578 sentiret
2786 1521 2861 1580 de
2890 1520 3027 1593 ilio,
3058 1527 3117 1587 et
3145 1522 3269 1596 ipse
3295 1524 3485 1581 Caesar
3513 1523 3698 1582 valde
3727 1540 3857 1582 etim

2306 1612 2502 1670 verbis
2533 1614 2869 1681 extolleret.
2900 1614 3199 1690 sicutipse
3224 1617 3447 1675 Seneca
3469 1616 3676 1676 docet.
3702 1617 3857 1675 Unde

2307 1704 2383 1762 de
2411 1707 2541 1780 ipso
2570 1711 2759 1781 potest
2795 1710 3014 1782 exponi
3046 1708 3198 1766 illud
3226 1710 3249 1744 ⁸
3278 1728 3293 1766 τ
3330 1730 3360 1764 ι
3384 1712 3501 1768 Vas
3530 1714 3856 1769 castrorum

2305 1798 2369 1855 in
2394 1799 2670 1871 excelsis,
2699 1802 2763 1859 in
2797 1802 3171 1860 firmamento
3212 1803 3345 1861 coeli
3382 1804 3801 1879 resplendens.
3824 1826 3851 1860 ι

2311 1895 2423 1951 Vas
2471 1901 2768 1951 castrorum
2815 1896 3063 1969 dicitur,
3113 1896 3258 1971 quia
3298 1912 3409 1971 per
3467 1914 3611 1955 eum
3674 1903 3859 1956 castr-a

2307 1986 2637 2045 christianes
2676 1988 2900 2047 militioe
2936 1989 3365 2049 illuminantur.
3409 1993 3554 2061 Quis
3588 2008 3856 2066 unquam

2306 2081 2390 2138 sic
2418 2080 2651 2152 docuit,
2677 2082 2760 2139 sic
2788 2082 3075 2141 Christum
3105 2083 3479 2157 proedicavit,
3512 2091 3573 2143 et
3600 2087 3741 2160 quis
3778 2086 3857 2143 sic

2307 2174 2599 2232 mundum
2625 2174 3001 2246 illuminavit,
3024 2181 3090 2235 nt
3114 2177 3367 2234 Paulus?
3393 2178 3486 2235 Sic
3510 2179 3676 2236 enim
3702 2179 3859 2237 Chri-

2305 2271 2460 2325 stum
2501 2268 2776 2327 ardenter
2814 2270 3067 2342 amavit‚
3108 2270 3277 2346 quod
3318 2276 3511 2330 totum
3558 2273 3857 2331 mundum

2304 2361 2527 2420 Christo
2556 2363 2862 2436 acquirere
2900 2364 3035 2421 totis
3069 2364 3297 2423 viribus
3331 2365 3652 2424 laboravit.
3693 2367 3859 2426 Unde

2306 2454 2521 2513 dicitur
2559 2456 2725 2529 quod
2765 2457 2831 2515 in
2866 2456 3240 2516 firmamento
3280 2459 3415 2517 coeli
3455 2460 3855 2534 resplenduit,

2306 2548 2449 2622 quia
2470 2550 2531 2606 in
2570 2550 2671 2608 Dei
2697 2551 2982 2622 Ecclesia,
3013 2567 3145 2626 quas
3167 2552 3612 2611 firmamentum
3644 2558 3733 2612 est
3758 2570 3863 2612 ve-

2304 2642 2508 2716 ritatis,
2525 2659 2809 2717 magnum
2836 2644 3127 2703 lumInare
3154 2646 3384 2717 claruit,
3404 2649 3694 2705 etomnes
3717 2663 3864 2721 gm-

2305 2743 2391 2797 tes
2418 2737 2638 2795 docuit.
2670 2739 2784 2796 Sed
2812 2738 2947 2813 quis
2972 2738 3153 2798 hodie
3188 2739 3479 2798 Christum
3515 2757 3659 2799 vere
3698 2758 3862 2815 pra>-

2307 2830 2501 2889 dicat?
2530 2831 2667 2905 quis
2689 2830 2874 2890 hodie
2912 2832 3179 2907 sequitur
3213 2833 3378 2891 Pauli
3413 2835 3757 2907 scientiam,
3800 2838 3863 2893 et

2305 2938 2430 2983 non
2452 2924 2652 2998 potius
2678 2941 2895 2983 vanam
2919 2925 3404 3000 philosophiam?
3432 2927 3635 2986 Plures
3669 2928 3863 2986 hodie

2305 3017 2849 3093 incomparabiliter
2873 3018 3188 3078 intendunt
3212 3019 3632 3095 philosophie,
3654 3026 3713 3079 et
3730 3021 3863 3095 legi

2304 3112 2667 3185 Jusunianae,
2711 3128 2896 3187 quam
2934 3112 3184 3184 divinas,
3213 3115 3358 3189 quia
3381 3114 3501 3172 illis
3534 3114 3863 3189 acquirunt

2305 3205 2643 3279 pecuniam,
2670 3206 2784 3263 hac
2811 3206 3126 3280 acquirunt
3151 3208 3438 3279 animam,
3462 3210 3680 3266 animae
3706 3224 3863 3282 prae-

2306 3302 2593 3372 ponentes
2644 3299 2993 3373 pecuniam,
3050 3316 3189 3358 cum
3238 3304 3437 3358 tamen
3486 3300 3720 3359 dicatur
3764 3302 3791 3337 ⁸
3838 3319 3863 3359 z

2311 3412 2341 3446 ι
2367 3393 2556 3462 Quam
2583 3391 2752 3450 dabit
2765 3392 2950 3450 homo
2971 3393 3496 3452 commutationem
3512 3409 3626 3469 pro
3646 3392 3865 3452 anima

2308 3487 2460 3544 sua?
2487 3504 2515 3540 n
2548 3488 2614 3543 Et
2642 3485 2665 3522 '¹
2706 3503 2723 3542 x
2754 3486 2907 3554 Quid
2946 3485 3189 3560 prodest
3230 3486 3481 3557 homini,
3526 3487 3575 3544 si
3612 3488 3867 3545 univer-

2309 3595 2442 3637 sum
2469 3578 2764 3637 mundum
2790 3579 3080 3649 lucretur,
3109 3580 3323 3638 animm
3348 3596 3488 3638 vero
3516 3596 3640 3638 suae
3666 3580 3863 3639 detri-

2308 3675 2572 3730 mentum
2598 3673 2895 3747 patiatur?
2923 3692 2955 3727 n
2986 3673 3077 3731 Sic
3102 3672 3444 3748 philosophi
3470 3673 3869 3732 intenderunt
3942 3686 4059 3728 sm

2308 3770 2432 3824 toto
2458 3781 2634 3840 posse
2660 3766 2980 3825 mundanis
3013 3766 3290 3826 scientiis.
3327 3771 3472 3825 Nam
3496 3769 3519 3805 ⁸
3551 3767 3871 3826 Archime-
3892 3746 4009 3804 μ’

2310 3858 2416 3917 des
2434 3859 2829 3934 philosophus
2855 3862 2940 3918 sic
2966 3860 3223 3919 scientioe
3253 3864 3441 3919 totum
3468 3877 3532 3920 se
3556 3860 3768 3932 dedit,
3798 3866 3875 3921 ut

2308 3958 2550 4027 propter
2604 3953 2907 4012 scientiam
2959 3958 3213 4012 mortem
3257 3959 3670 4012 contemneret.
3704 3957 3875 4014 Cum

2312 4047 2469 4105 enim
2496 4048 2865 4122 Syracusana
2890 4048 3126 4118 civitas,
3148 4046 3211 4105 in
3238 4046 3432 4106 Sicilie
3452 4048 3673 4121 posita,
3702 4054 3875 4108 esset

2311 4156 2350 4197 a
2383 4139 2655 4199 Marcello
2684 4141 2951 4216 principe
2989 4143 3397 4199 Romanorum
3436 4140 3708 4212 obsessa,
3752 4142 3877 4202 diu

2311 4250 2374 4293 se
2414 4234 2710 4307 defendit,
2751 4235 2981 4293 mnnita
3026 4233 3171 4293 solis
3216 4233 3476 4293 consiliis
3510 4233 3878 4310 philosophi

2310 4328 2654 4403 supradicti,
2676 4344 2815 4386 cum
2841 4328 3061 4387 oaeteris
3082 4328 3311 4387 ibidem
3328 4327 3558 4386 inclusi.
3576 4330 3872 4402 Cumque

2310 4421 2565 4481 finaliter
2591 4426 2762 4497 capta
2787 4426 2968 4494 esset,
2998 4421 3304 4481 Marcellus
3331 4421 3491 4479 illius
3510 4419 3883 4495 philoeophi

2314 4515 2531 4574 eximia
2561 4516 2804 4574 scientia
2829 4514 3172 4587 delectatus,
3190 4518 3254 4573 ut
3279 4515 3361 4573 ad
3383 4514 3568 4572 vitam
3588 4530 3881 4575 servare-

2311 4611 2407 4667 tur
2434 4609 2638 4682 edixit,
2666 4609 2805 4684 plus
2830 4612 3110 4683 reputans
3131 4607 3244 4666 sibi
3272 4608 3353 4666 ad
3378 4607 3654 4681 gloriam,
3686 4610 3885 4682 quod

2313 4705 2543 4761 tantum
2570 4702 2763 4761 virum
2793 4701 2916 4760 vita
2941 4701 3241 4774 donabat,
3269 4717 3453 4777 quam
3478 4700 3644 4776 quod
3678 4701 3886 4776 Syn—

2314 4812 2567 4856 cusenos
2594 4795 2910 4856 devicerat.
2938 4802 3010 4856 At
3034 4798 3161 4872 ipse
3188 4797 3580 4873 philosophus
3620 4812 3736 4855 nec
3778 4800 3885 4857 vi·

2313 4897 2436 4952 tam
2484 4909 2728 4966 curans,
2775 4909 2887 4952 nec
2934 4899 3187 4952 mortem
3228 4899 3529 4964 metuens,
3568 4896 3779 4951 mente
3819 4900 3887 4956 et

2314 4987 2504 5045 oculis
2527 4987 2593 5045 in
2627 4993 2843 5047 terram
2871 4986 3111 5057 defixis,
3152 4986 3339 5045 verba
3376 4985 3631 5045 scientiae
3671 4985 3883 5061 digito

2313 5081 2610 5140 scribebat
2634 5082 2697 5139 in
2724 5085 2901 5139 terra.
2924 5078 3287 5139 Adveniente
3308 5079 3485 5154 igitur
3507 5079 3726 5153 milite,
3762 5083 3883 5158 qui

2318 5228 2476 5282 zum,
2512 5220 2560 5268 9.
2590 5243 2655 5255 -
2682 5217 2702 5247 ⁸
2725 5214 2927 5277 Mami„
2968 5218 3088 5279 rvr,
3125 5217 3205 5270 26.
3238 5242 3292 5253 -
3333 5217 3350 5247 ²
3389 5214 3515 5269 ibid.
3544 5241 3606 5255 -—
3636 5216 3657 5248 ⁸
3684 5215 3881 5270 vuer.

2315 5288 2477 5353 Max„
2501 5286 2593 5339 lib.
2622 5286 2754 5348 vill,
2787 5301 2833 5338 c.
2865 5298 2958 5348 vn,
2980 5300 3036 5340 n.
3064 5289 3113 5337 Ἰ.

2378 5374 2449 5438 (α)
2482 5370 2627 5438 Vulq.
2655 5373 2709 5423 in
2743 5371 2929 5437 capite.
