4059 6317
1069 491 1466 559 DOMINICA
1507 493 1532 558 1
1575 488 2016 558 ADVENTUS.
2064 493 2329 561 SERMO
2368 496 2473 562 Vl.
3288 511 3367 572 13

279 625 354 692 De
368 628 563 712 primo
584 625 815 693 ¹:130oe
838 628 962 694 iste
987 630 1173 696 venit
1184 628 1424 696 saliens
1442 631 1516 697 in
1534 644 1714 695 mon·

208 735 349 801 tibus
366 783 387 813 ,
415 739 528 799 eto.
556 734 798 799 Montes
827 740 984 800 sunt
1016 737 1399 820 angelorum
1440 737 1712 802 ordines.

205 843 227 879 ²
244 844 313 907 In
344 843 647 909 montibus
686 843 959 910 παριείς
1001 844 1208 911 Israel
1244 851 1432 912 erunt
1472 859 1716 927 pascua

204 951 338 1033 dus.
365 950 602 1016 Novem
626 952 911 1032 ordineS,
933 971 1170 1019 novem
1201 959 1353 1019 sunt
1375 957 1648 1018 monteS.
1667 951 1715 1016 Ο

201 1076 371 1140 quam
395 1059 545 1124 felix
573 1059 714 1139 erit,
740 1060 853 1142 qui
883 1059 953 1123 in
991 1061 1216 1125 infimo
1253 1065 1468 1126 monte
1509 1078 1718 1144 pasce-

198 1167 323 1228 1an
368 1165 463 1230 Ibi
500 1166 667 1230 enim
706 1170 803 1231 est
838 1165 1182 1231 amoenitas
1231 1166 1712 1232 inaestimabilis,

198 1270 335 1348 Quid
353 1290 526 1354 ergo,
552 1273 605 1336 si
619 1273 701 1338 ad
723 1273 1084 1338 secundum
1114 1277 1396 1338 montem
1414 1272 1666 1338 veneris
1682 1273 1715 1334 ’ἲ

196 1379 237 1446 Ο
261 1387 490 1463 quanto
512 1382 760 1448 heatior
783 1387 939 1447 tunc
964 1382 1093 1447 eris
1122 1389 1137 1446 t
1165 1381 1345 1460 Quod
1372 1382 1426 1445 si
1456 1382 1715 1446 tertium

194 1493 448 1554 montem
476 1489 640 1553 bene
678 1490 963 1554 vivendo
1006 1489 1437 1571 promerueris
1452 1537 1475 1568 ,
1505 1488 1715 1553 adhuc

192 1597 408 1663 heatior
426 1599 573 1663 eris,
596 1599 701 1663 Sic
710 1599 983 1681 procede
1003 1599 1083 1662 de
1102 1599 1378 1681 singulis
1392 1597 1716 1661 montibus

191 1723 368 1788 usque
407 1705 482 1769 ad
522 1724 800 1771 nonum.
842 1705 917 1769 ln
957 1706 1062 1769 his
1105 1706 1429 1770 montibus
1454 1704 1715 1768 fundata

189 1816 268 1878 est
304 1815 519 1880 civitas
567 1814 858 1880 coelestis.
897 1820 921 1855 ³
963 1812 1414 1880 Fundamenta
1461 1812 1598 1894 ejus
1638 1814 1715 1876 in

187 1921 475 1988 montibus
512 1925 788 1988 sanctis.
816 1925 885 1984 In
919 1921 1023 1983 his
1063 1919 1261 1985 Filius
1297 1919 1409 1983 Dei
1436 1920 1579 1984 salit
1604 1921 1710 2000 ju-

186 2027 513 2107 tundenda,
559 2029 714 2111 quia
760 2026 990 2092 transit
1030 2044 1144 2110 per
1182 2026 1707 2105 incarnationem,

186 2135 510 2216 angelicam
564 2140 864 2201 naturam
908 2138 1333 2217 postponens»,
1371 2137 1435 2197 et
1475 2133 1709 2197 huma·

184 2260 314 2306 nam
337 2261 672 2309 assumens
715 2243 736 2276 ⁸
766 2262 782 2306 ε
814 2242 1149 2324 Nusquam
1189 2240 1442 2323 anqelos
1476 2255 1707 2322 appre-

184 2349 400 2418 tenda.

249 2458 324 2522 De
352 2461 637 2524 secundo
665 2460 688 2494 ⁸
724 2477 741 2521 ε
779 2458 936 2524 Ecce
964 2458 1137 2522 Deus
1171 2459 1383 2521 noster
1409 2453 1712 2520 ultionem

188 2563 433 2632 adducet
470 2564 929 2632 retributionis
960 2585 976 2625 ι
1022 2562 1191 2627 Deus
1222 2562 1359 2642 ipse
1394 2562 1623 2640 veniet,
1656 2565 1714 2627 et

187 2673 429 2742 salvabit
437 2689 582 2741 nos.
605 2672 785 2738 Tunc
804 2672 1182 2754 aperientur
1194 2668 1366 2736 ocuti
1379 2683 1704 2745 coecorum,

188 2786 233 2846 et
252 2797 427 2847 aures
442 2778 801 2847 surdorum
810 2776 1112 2860 patebant
1122 2795 1151 2857 ;
1168 2784 1321 2843 tunc
1338 2776 1523 2842 saliet
1541 2777 1712 2842 sicut

186 2903 372 2954 oewus
397 2888 683 2955 claudus
698 2936 722 2966 ,
763 2892 823 2952 et
848 2888 1073 2969 aperta
1099 2885 1222 2950 erit
1249 2883 1477 2966 linqua
1502 2889 1705 2950 muto-

182 3012 318 3060 rum.
356 2995 585 3061 Nonne
617 2995 773 3059 caeci
801 2997 992 3072 sunt,
1025 2992 1136 3075 qui
1168 2992 1235 3055 in
1277 2991 1449 3054 clara
1473 2991 1614 3054 luce
1639 2992 1711 3054 fl-

182 3102 262 3166 dei
299 3102 361 3167 in
403 3104 670 3169 foveam
717 3101 951 3165 inferni
996 3098 1232 3163 cadunt
1256 3100 1289 3161 ‘2
1326 3105 1348 3139 ⁶
1389 3100 1465 3163 St
1508 3114 1708 3164 ooeous

180 3225 379 3277 coecum
404 3211 637 3290 ducat,
660 3208 842 3276 ambo
870 3210 948 3274 in
977 3208 1223 3287 foveam
1252 3205 1517 3273 cadunt.
1549 3206 1707 3269 Item

180 3335 361 3383 nonne
385 3320 565 3383 surdi
600 3320 798 3395 sunt,
828 3314 1062 3397 quibus
1084 3315 1271 3377 toties
1296 3313 1364 3376 in
1392 3314 1703 3397 praedica-

179 3429 323 3493 tione
346 3430 673 3494 clamatur
690 3478 710 3508 ,
749 3432 814 3492 et
838 3426 920 3489 ad
945 3425 1183 3490 ostium
1216 3443 1256 3489 a
1293 3425 1537 3490 Christo
1563 3426 1704 3509 pul-

176 3540 362 3615 satur,
387 3543 451 3603 et
476 3536 759 3602 auribus
793 3532 999 3599 cordis
1034 3550 1165 3596 non
1193 3533 1509 3597 audiunt?
1539 3533 1558 3566 ⁷
1586 3536 1709 3598 Fu-

177 3658 265 3709 ror
288 3644 417 3711 illis
443 3642 814 3711 secundum
839 3639 1337 3707 similitudinem
1364 3643 1707 3722 serpentis:

176 3752 321 3819 sieut
362 3753 630 3836 aspidis
688 3748 910 3817 surda·
926 3797 947 3828 ‚
997 3755 1054 3814 et
1107 3747 1468 3816 obturantis
1517 3764 1709 3814 aures

176 3874 325 3940 suat,
352 3868 471 3926 ele.
500 3861 790 3942 Serpens
811 3905 830 3935 ,
861 3875 944 3921 ne
969 3856 1432 3920 incantatorem
1461 3855 1704 3935 audiat,

174 3985 344 4032 unam
369 3988 599 4034 aurem
629 3971 831 4045 terra,
862 3964 1053 4028 aliam
1080 3962 1280 4027 cauda
1299 3963 1574 4026 obturat.
1607 3962 1709 4027 Sic

173 4081 432 4155 peoeator
458 4092 837 4143 venenosus
860 4078 1063 4150 terra,
1092 4071 1159 4134 id
1185 4074 1280 4135 est
1306 4075 1707 4135 terrenorum

173 4198 359 4249 amore
380 4235 397 4264 ‚
429 4190 497 4251 et
540 4181 790 4260 cauda,
823 4181 887 4244 id
918 4184 1014 4244 est
1046 4196 1157 4261 spe
1189 4177 1497 4259 longioris
1529 4178 1703 4257 vitae,

172 4304 330 4355 θοι-ω
357 4292 573 4356 cordis
597 4290 887 4354 obturat.
920 4287 1078 4351 Item
1098 4303 1311 4351 nonne
1339 4285 1501 4349 muti
1530 4289 1701 4364 sunt,

173 4396 263 4476 qui
286 4415 323 4460 a
345 4402 774 4480 peccatorum
800 4395 1190 4460 confessione
1218 4395 1282 4455 et
1316 4410 1355 4455 a
1380 4389 1492 4455 Dei
1517 4392 1706 4456 laude

170 4521 266 4585 per
294 4507 533 4572 multos
575 4523 792 4570 annos
827 4504 1206 4568 tacuerunt?
1236 4505 1259 4540 ⁸
1292 4498 1618 4577 obmutui,
1649 4502 1710 4564 et

173 4610 529 4681 humiliatus
554 4630 709 4679 sum
727 4662 748 4692 ,
779 4618 838 4678 et
866 4612 1026 4678 silui
1051 4627 1094 4677 a
1121 4610 1323 4677 bonis.
1354 4607 1512 4672 Item
1541 4625 1703 4671 non-

172 4735 240 4782 ne
273 4721 475 4786 clandi
518 4725 720 4800 sunt,
765 4721 882 4803 qui
912 4737 1170 4801 gressus
1202 4735 1470 4801 operum
1498 4719 1705 4780 rectos

173 4841 280 4889 non
324 4827 570 4894 habent
588 4830 625 4891 ⁴?
678 4825 966 4909 Utroque
1018 4830 1232 4890 autem
1284 4824 1440 4906 pede
1494 4822 1703 4886 claudi

175 4938 321 5014 sunt,
341 4937 451 5017 qui
478 4934 604 5000 soli
636 4932 895 4998 diabolo
920 4931 1226 4996 serviunt.
1259 4929 1331 4993 ln
1363 4929 1561 4993 altero
1590 4946 1706 4992 au-

177 5044 283 5105 tem
304 5042 506 5109 claudi
534 5045 721 5119 sunt,
752 5039 869 5123 qui
886 5039 1118 5121 partim
1146 5037 1295 5117 Deo,
1326 5036 1558 5119 partim
1581 5035 1710 5100 dia-

178 5146 303 5213 holo
341 5153 659 5216 serviunt.
713 5146 936 5213 Sanati
982 5150 1196 5210 autem
1246 5164 1361 5228 per
1406 5143 1701 5227 gratiam,

234 5275 424 5338 ‘Cant.,
465 5289 538 5339 11,
581 5278 637 5327 8.
680 5299 743 5311 -
775 5273 798 5307 ²
836 5269 1042 5331 Ezech„
1085 5283 1262 5336 xxxiv,
1302 5274 1378 5322 14.
1413 5297 1471 5308 -
1513 5270 1532 5301 ³
1570 5268 1706 5320 Psal.

182 5352 378 5408 nnn,
408 5354 450 5396 ι.
479 5373 547 5384 -
572 5346 599 5380 ⁸
628 5344 808 5405 Hebr„
840 5355 901 5406 ιι,
934 5344 1014 5391 16.
1042 5367 1102 5377 -
1127 5342 1148 5377 ⁸
1174 5342 1292 5405 Iso„
1324 5353 1483 5406 xxxv,
1518 5343 1623 5392 4-5.
1647 5365 1706 5378 -

181 5413 197 5441 ⁸
221 5414 400 5474 ssata,
424 5428 515 5481 xv,
545 5418 631 5468 14.
657 5442 722 5453 —
751 5416 769 5447 ⁷
792 5411 935 5465 Psal.
966 5422 1092 5476 nvn,
1120 5415 1247 5463 5.—
1273 5415 1292 5444 ⁸
1319 5412 1450 5463 Psal.
1479 5423 1709 5477 xxxviii,

183 5488 223 5534 ³·
244 5511 300 5523 —
333 5487 356 5522 ⁹
380 5492 533 5553 Aug„
560 5501 731 5538 serm.
764 5494 1060 5546 chxxvm,
1090 5484 1152 5536 al.
1181 5484 1242 5535 de
1268 5485 1492 5548 nivers„
1523 5495 1704 5540 xxxiv,

1832 626 2070 693 saliunt
2112 629 2276 694 sicut
2317 649 2565 698 cervus,
2615 632 2888 700 Pulcher
2929 635 3127 701 salms
3161 642 3260 703 est
3292 640 3372 705 de

1831 733 2008 798 vitiis
2068 735 2149 801 ad
2195 736 2502 818 virtuteS,
2556 739 2633 804 de
2689 743 2932 807 mundo
2987 743 3067 808 ad
3111 745 3367 811 coelum.

1827 839 1988 906 Ecce
2036 860 2076 906 a
2127 844 2360 909 talibus
2413 846 2597 911 malis
2649 853 2830 912 curat
2887 849 3049 916 Deus
3102 853 3369 932 animas,

1829 966 1976 1029 quae
2019 949 2244 1014 volunt
2290 953 2598 1018 sustinere
2645 956 3009 1022 medicinae.
3064 959 3373 1042 Augusti-

1827 1072 1953 1118 nus
1982 1055 2005 1090 ⁹
2039 1076 2054 1117 :
2097 1079 2128 1116 α
2153 1056 2477 1134 Quantum
2509 1060 2578 1123 in
2607 1062 2852 1127 medico
2876 1069 2991 1144 est,
3018 1084 3241 1132 sanare
3270 1088 3373 1135 ve-

1826 1161 1923 1224 nit
1949 1167 2318 1244 aegrotum:
2356 1167 2466 1230 sed
2493 1166 2631 1250 ipse
2659 1188 2727 1233 se
2753 1171 3028 1252 perimit,
3059 1174 3173 1256 qui
3199 1192 3371 1255 prae-

1828 1272 2008 1350 cepta
2035 1270 2264 1335 medici
2295 1290 2549 1338 servare
2579 1294 2710 1340 non
2738 1277 2900 1342 vult.
2931 1300 2961 1340 υ
2995 1311 3007 1325 -

1905 1375 1993 1438 De
2018 1377 2205 1442 tertio
2225 1380 2268 1419 ¹⁰
2289 1397 2307 1442 ε
2329 1380 2889 1451 Holocaustomata
2910 1387 2994 1464 (a)
3011 1391 3071 1452 et
3082 1404 3200 1470 pro
3222 1405 3365 1471 pec-

1825 1488 1966 1549 cato
1985 1501 2116 1552 non
2131 1486 2252 1551 tibi
2260 1486 2643 1568 placuerunt
2662 1511 2689 1570 ;
2708 1498 2858 1557 tuno
2876 1491 3032 1560 dixi
3048 1513 3071 1559 .·
3095 1499 3257 1562 Ecce
3275 1513 3371 1563 ve-

1824 1591 1960 1657 nio.
1987 1591 2153 1656 Dens
2180 1598 2359 1676 pater
2386 1595 2476 1659 sic
2500 1596 2781 1662 offensus
2824 1599 2948 1664 fuit
2971 1601 3253 1682 homini,
3296 1610 3370 1670 ut

1823 1696 2077 1762 nullum
2116 1718 2407 1784 unquam
2451 1710 3042 1791 quantumcumque
3077 1716 3365 1776 sanctum

1824 1803 2184 1871 admitteret
2203 1808 2282 1871 ad
2304 1827 2587 1890 regnum
2602 1812 2931 1878 coelorum.
2952 1813 3131 1880 Unde
3158 1823 3367 1901 patres

1823 1911 2072 1994 antiqui
2098 1913 2448 1980 offerebant
2466 1916 2665 1982 boves
2691 1924 2754 1982 et
2778 1937 2952 2002 oves,
2973 1926 3037 1987 et
3061 1926 3370 1990 sacrificia

1823 2021 2049 2100 multa,
2068 2028 2143 2087 ut
2156 2023 2356 2089 Deum
2373 2025 2694 2107 placarent
2704 2051 2722 2106 ;
2743 2030 2854 2093 sed
2868 2050 3098 2113 parum
3117 2034 3210 2098 eis
3229 2054 3370 2118 pro-

1820 2127 1963 2193 fuit.
1994 2128 2175 2195 Unde
2203 2130 2400 2196 Filius
2428 2131 2538 2198 Dei
2577 2137 2965 2219 compatiens
2992 2140 3223 2207 misero
3247 2143 3363 2208 ho·

1822 2236 2003 2316 mini,
2016 2238 2106 2302 ait
2125 2237 2295 2302 Patri
2317 2239 2444 2304 :Ex
2462 2260 2592 2323 quo
2612 2243 2983 2310 holocausta
2998 2246 3366 2315 Judaeorum

1822 2343 1957 2423 tibi,
1981 2362 2020 2408 o
2041 2343 2248 2424 Pater,
2268 2364 2400 2411 non
2419 2349 2689 2432 placent,
2715 2369 2856 2416 ecce
2875 2356 3083 2419 venio.
3106 2355 3322 2422 Glossa
3347 2383 3360 2422 ε

1829 2472 1859 2508 α
1901 2450 1997 2514 Ad
2049 2470 2154 2515 me
2204 2453 2602 2520 offerendum
2653 2479 2667 2521 :
2717 2479 2750 2517 2>
2796 2478 2865 2523 se
2912 2463 3086 2524 enim
3136 2463 3366 2530 obtulit

1819 2574 2031 2637 agnus
2060 2557 2364 2624 innocens
2388 2580 2507 2644 pro
2543 2570 2813 2645 peccatis
2841 2568 3096 2631 nostris.
3128 2571 3170 2605 ¹¹
3199 2571 3363 2636 Ecce

1818 2664 2044 2745 Aqnus
2092 2665 2231 2732 Dei.
2290 2665 2521 2748 Agnus
2564 2670 2909 2737 detestatur
2953 2674 3182 2758 lupum
3222 2697 3238 2740 :
3276 2679 3365 2741 sic

1819 2768 2103 2835 Christus
2153 2792 2509 2855 perversos,
2543 2777 2588 2813 ¹¹
2623 2776 2705 2842 St·
2754 2778 2827 2860 (b)
2879 2782 3367 2849 communicabit

1817 2876 2008 2960 lupus
2056 2895 2220 2961 aquo
2256 2882 2611 2964 aliquando
2630 2933 2648 2961 ,
2698 2888 2793 2951 stc
2838 2894 3127 2968 peccator
3157 2888 3362 2971 justo.

1816 2983 1976 3048 Dicit
2027 3002 2190 3067 ergo
2240 3005 2259 3050 ε
2313 2990 2396 3055 Et
2446 3006 2581 3057 ecce
2633 2995 2860 3072 venio,
2919 2996 3098 3077 quasi
3148 2997 3315 3061 dicat
3344 3018 3360 3061 ε

1816 3090 2023 3158 Verbo
2051 3094 2154 3158 vel
2176 3098 2371 3177 jussu
2411 3096 2740 3163 hominem
2777 3118 2909 3164 non
2947 3101 3226 3181 redimo;
3257 3106 3367 3168 sed

1816 3199 1886 3262 in
1927 3218 2117 3265 carne
2159 3203 2371 3268 venio.
2421 3202 2629 3281 Quare
2671 3206 2832 3270 hoc?
2872 3206 2962 3272 Ne
2998 3208 3365 3275 violentiam

1816 3307 2021 3372 tacere
2046 3310 2394 3390 videretur,
2424 3316 2487 3376 et
2517 3332 2648 3377 non
2670 3313 3007 3395 Justitiam.
3042 3316 3364 3399 Angelum

1815 3433 2076 3499 quoque
2125 3418 2589 3501 redemptorem
2634 3440 2767 3485 non
2812 3422 3034 3502 mitto;
3073 3425 3182 3489 sed
3222 3444 3363 3491 ecce

1816 3523 2030 3588 venie.
2061 3523 2268 3601 Quare
2292 3526 2415 3590 hoc
2432 3528 2462 3589 ¹?
2489 3527 2644 3610 quia
2664 3528 2880 3592 nullus
2899 3531 3171 3611 angelus
3196 3534 3364 3597 suffi-

1815 3636 1983 3694 ceret
1999 3632 2082 3696 ad
2101 3632 2380 3714 pretium
2394 3634 2865 3717 redemptionis.
2890 3636 3172 3703 Pretium
3188 3642 3360 3707 enim

1814 3739 2266 3820 redemptionis
2333 3740 2551 3806 debuit
2610 3761 2748 3806 esse
2811 3745 3204 3828 aequivalens
3256 3750 3359 3814 vol

1815 3846 2153 3928 pretiosius
2178 3849 2478 3912 omnibus
2503 3849 2908 3916 redimendis.
2936 3853 3124 3919 Nulla
3141 3861 3356 3922 autem

1816 3961 2108 4021 creatura
2130 3962 2264 4022 tam
2292 3959 2571 4041 pretiosa
2606 3960 2748 4025 fuit.
2780 3960 2966 4025 Solus
2992 3965 3166 4029 enim
3194 3965 3359 4030 Deus

1814 4064 2127 4129 redimere
2150 4065 2392 4143 debuit,
2418 4068 2572 4149 quia
2599 4067 2771 4132 solus
2799 4069 3098 4134 omnibus
3122 4074 3352 4153 pretio·

1813 4171 1943 4235 sior
1967 4172 2107 4236 fuit.
2137 4173 2186 4210 ¹⁸
2213 4172 2435 4254 Empti
2475 4175 2649 4240 enim
2678 4177 2830 4242 estis
2863 4177 3074 4256 pretio
3101 4195 3353 4261 mayno.

1816 4277 1975 4342 Vere
2005 4298 2266 4362 magno.
2300 4279 2660 4346 Bernardus
2692 4282 2736 4319 ¹⁸
2772 4305 2787 4346 ε
2831 4306 2861 4344 (ι
2889 4283 3249 4351 Suffecisset
3277 4289 3356 4351 ad

1813 4386 2315 4470 redemptionem
2396 4388 2665 4454 humani
2746 4390 3001 4470 generis
3091 4393 3358 4458 minima

1818 4501 2005 4578 gutta
2046 4498 2381 4579 sanguinis
2418 4499 2572 4564 Jesu
2616 4498 2884 4583 Christi3
2928 4505 3034 4568 sed
3077 4505 3221 4570 data
3264 4513 3356 4570 est

1814 4605 2018 4688 copia,
2049 4609 2124 4668 ut
2148 4623 2232 4669 ex
2260 4606 2671 4672 inundatione
2697 4608 2983 4674 beneficii
3014 4613 3216 4677 virtus
3254 4615 3349 4677 in-

1812 4716 2165 4777 notesceret
2199 4711 2543 4795 diligentis.
2575 4737 2606 4774 n

1893 4817 1979 4882 De
2006 4823 2236 4900 quarto
2264 4819 2308 4855 ¹⁸
2346 4838 2365 4882 ε
2405 4820 2569 4886 Ecce
2606 4820 2899 4891 Salvator
2939 4832 3085 4893 tuus
3123 4831 3303 4899 venit
3332 4852 3354 4897 :

1818 4943 1949 4993 ecce
1974 4943 2205 4992 merces
2223 4926 2363 5008 ejus
2385 4944 2528 4993 oum
2549 4931 2711 5010 ipso.
2738 4930 2973 4998 Merces
2999 4954 3126 5019 qua
3151 4957 3359 5004 remu-

1820 5036 2242 5115 nerabuntur,
2273 5036 2494 5101 divina
2518 5043 2614 5102 est
2635 5045 2883 5105 natura.
2903 5044 2947 5084 ¹⁸
2972 5044 3105 5125 qu
3120 5054 3360 5128 protec-

1817 5194 1864 5231 ο.
1889 5192 1946 5234 ιι.
1970 5208 2033 5219 --
2076 5182 2112 5210 ¹⁰
2143 5178 2317 5243 Helm,
2349 5192 2402 5243 x,
2428 5182 2475 5231 6.
2499 5209 2560 5220 —
2592 5182 2627 5217 ¹¹
2656 5183 2819 5247 Joan„
2846 5196 2885 5246 1,
2913 5187 2992 5235 29.
3017 5211 3078 5223 -
3110 5190 3152 5222 ¹²
3179 5188 3360 5254 Eccli„

1815 5263 1944 5315 1111,
1987 5255 2069 5302 21.
2110 5277 2171 5290 —-
2207 5252 2248 5287 ¹³
2285 5253 2306 5301 l
2345 5252 2463 5305 Cor.
2498 5265 2582 5318 vr,
2619 5256 2695 5305 20.
2724 5280 2787 5291 -
2838 5254 2873 5290 ¹⁴
2902 5257 3079 5322 Bern.,
3107 5261 3159 5310 in
3190 5263 3359 5326 Cant,

1818 5337 1978 5374 serm.
2015 5335 2100 5388 ιιι,
2135 5338 2192 5374 n.
2228 5326 2287 5389 7,
2317 5324 2486 5388 quoad
2513 5338 2738 5376 sensum.
2768 5353 2823 5363 —
2857 5327 2893 5362 ¹⁸
2917 5329 3041 5392 Isa„
3068 5342 3163 5395 n,
3193 5335 3269 5384 10.
3297 5360 3359 5372 -

1817 5396 1862 5430 ²⁶
1895 5396 2015 5446 Gen.
2070 5408 2138 5446 xv
2190 5399 2232 5446 1.

1886 5486 1953 5548 (a)
1986 5432 2592 5550 Vinngolocautomata.
2619 5511 2679 5523 —
2711 5484 2778 5551 (ὁ)
2811 5487 2935 5541 Caet.
2964 5490 3086 5542 edit.
3116 5492 3273 5545 Sicut.
