4059 6317
1008 467 1391 540 DOMINICA
1431 468 1513 537 lv
1554 467 1753 538 POST
1796 467 2384 540 PENTECOSTEN.
2429 468 2695 541 SERMO
2737 467 2842 543 IV.

320 609 731 677 terrenorum
752 655 773 690 ‚
818 628 968 678 cum
1006 611 1205 678 dicit:
1243 610 1509 678 Relictis
1544 609 1864 678 omnibus.

318 717 500 784 Licet
524 736 658 784 non
683 732 910 785 omnes·
922 723 1259 786 teneantur
1278 719 1636 802 relinquere
1654 716 1871 782 omnia

316 832 643 911 quantum
667 827 753 892 ad
773 827 1098 906 effectum,
1125 826 1255 892 nisi
1278 826 1560 909 perfecti,
1582 826 1695 910 qui
1722 828 1872 890 voto

323 935 719 1018 paupertatis
743 939 893 1000 sunt
925 935 1238 1014 adstricti,
1281 939 1497 1000 tamen
1533 951 1758 999 omnes
1781 937 1874 998 te·-

322 1046 563 1109 nentur
586 1042 950 1127 relinquere
974 1043 1193 1109 omnia
1219 1045 1538 1127 quantum
1564 1041 1645 1107 ad
1675 1042 1869 1106 affec-

323 1153 467 1214 tum
484 1196 508 1228 ,
549 1167 633 1215 ne
666 1168 894 1216 eorum
932 1168 1153 1216 amore
1200 1151 1483 1234 superati
1527 1168 1637 1215 cor
1677 1167 1873 1214 suum

323 1257 497 1322 circa
535 1254 887 1322 defluentes
929 1258 1185 1324 divitias
1222 1260 1547 1341 apponant
1566 1306 1586 1337 ,
1620 1262 1685 1323 et
1726 1275 1873 1339 per·

322 1382 517 1430 verso
556 1365 779 1430 ordine
822 1369 1183 1431 creaturam
1232 1383 1430 1448 supra
1481 1363 1683 1430 Deum
1728 1364 1872 1430 dili-

324 1476 509 1555 gant.
533 1468 825 1537 Secundo
844 1475 1103 1538 notatur
1123 1472 1439 1555 appetitus
1456 1476 1869 1554 aeternorum,

325 1598 481 1646 cum
507 1580 721 1646 subdit
752 1598 769 1644 1
803 1580 1023 1649 secuti
1045 1588 1200 1648 sunt
1226 1596 1393 1647 eum.

409 1687 570 1753 Dicit
606 1705 770 1769 ergo
800 1708 817 1752 z
865 1688 1132 1756 Relictis
1165 1686 1455 1756 omnibus
1481 1709 1504 1751 .·
1552 1688 1667 1753 ubi
1693 1690 1875 1753 nota-

324 1799 441 1861 tur
465 1794 737 1860 desertio
763 1791 1207 1879 impedimenti
1234 1795 1565 1862 trahentis.
1592 1795 1877 1878 Apostoli

327 1920 633 1986 namque,
647 1907 959 1986 tanquam
978 1903 1121 1968 veri
1135 1902 1356 1985 legati,
1377 1907 1451 1967 ut
1469 1907 1635 1968 esset
1651 1920 1876 1968 eorum

327 2010 681 2075 similitudo
711 2010 791 2075 ad
817 2010 1141 2092 legantem
1179 2009 1502 2076 Christum
1520 2058 1539 2087 ‚
1578 2011 1661 2075 ad
1694 2028 1874 2075 amo-

326 2117 615 2182 vendum
630 2116 957 2200 quodlibet
968 2117 1300 2185 retrahens
1319 2117 1873 2202 impedimentum,

327 2224 731 2308 reliquerunt
754 2224 993 2304 omnia,
1021 2225 1230 2308 primo
1257 2231 1567 2308 tanquam
1594 2224 1878 2308 pondera

328 2332 829 2416 praegravantia,
849 2336 927 2397 ut
949 2335 1161 2398 essent
1186 2333 1608 2415 expeditiores
1634 2333 1716 2398 ad
1736 2350 1878 2397 cur·

326 2440 609 2504 rendum
640 2443 787 2523 post
834 2437 1190 2519 Christum;
1238 2440 1518 2506 secundo
1567 2445 1877 2523 tanquam

330 2548 597 2614 viucula
639 2549 985 2614 detinentis
1001 2598 1020 2629 ,
1048 2556 1124 2614 ut
1160 2554 1370 2614 essent
1412 2550 1763 2614 securiores
1796 2549 1879 2615 ad

328 2656 745 2737 arguendum
782 2657 1061 2738 malum;
1094 2657 1278 2722 tertio
1320 2661 1630 2740 tauquam
1662 2657 1880 2722 obsta-

329 2765 480 2830 cula
504 2766 957 2849 praepedientia
972 2813 993 2845 ,
1025 2768 1103 2830 ut
1136 2770 1347 2830 essent
1380 2765 1764 2832 efficaciores
1795 2768 1876 2831 ad

329 2873 845 2959 persuadendum
872 2875 1139 2939 bonum.

415 2979 632 3046 Primo
668 2980 1069 3064 reliquerunt
1106 2982 1325 3048 omnia
1362 2985 1670 3064 tanquam
1714 2999 1878 3066 pon-

328 3087 488 3155 dera
537 3089 912 3170 gravantia,
959 3094 1036 3156 ut
1079 3089 1501 3174 expeditiores
1543 3093 1754 3155 essent
1796 3090 1877 3154 ad

327 3196 720 3262 currendum
753 3201 896 3280 post
926 3195 1271 3277 Christum,
1304 3197 1421 3280 qui
1452 3201 1475 3235 ²
1510 3221 1542 3260 c
1566 3197 1880 3263 exultavit

322 3307 410 3369 ut
448 3304 643 3387 gigas
664 3304 745 3371 ad
776 3305 1157 3371 currendam
1192 3304 1369 3370 viam
1407 3328 1439 3367 n
1490 3306 1877 3388 evangelicae

329 3413 752 3496 perfectionis,
782 3431 861 3479 eo
885 3414 1057 3496 quod
1084 3413 1207 3478 fuit
1228 3412 1367 3479 sine
1394 3415 1575 3478 omni
1599 3414 1878 3498 pondere

330 3520 775 3586 terreneitatis.
793 3520 958 3585 Nam
975 3538 1015 3584 a
1036 3520 1349 3604 principio
1372 3540 1510 3586 suae
1529 3521 1878 3588 nativitatis

331 3631 774 3710 paupertatem
808 3629 879 3692 in
904 3646 1025 3696 suo
1050 3646 1315 3712 corpore
1349 3629 1772 3709 consecravit,
1807 3628 1878 3693 in

336 3735 580 3801 mundo
607 3754 755 3800 cum
783 3735 1208 3818 pauperrimis
1223 3735 1594 3801 hominihus
1611 3754 1878 3819 pauper-

332 3842 498 3907 rime
524 3845 938 3907 conversatus
963 3846 1026 3905 et
1049 3842 1416 3918 associatus,
1456 3843 1523 3905 in
1554 3843 1689 3907 fine
1720 3860 1877 3909 vero

332 3950 552 4016 nudus
575 3951 645 4016 111
663 3967 851 4014 cruce
876 3949 1120 4031 positus
1144 3949 1291 4026 fuit,
1317 3951 1384 4015 et
1401 3953 1541 4032 post
1565 3967 1878 4015 resurrec-

333 4057 576 4124 tionem
628 4057 700 4122 in
748 4057 955 4141 specie
999 4055 1338 4139 peregrini.
1382 4057 1697 4146 apparuit.
1750 4055 1878 4135 Qui

333 4184 495 4248 ergo
528 4166 716 4232 debet
749 4183 887 4231 esse
915 4164 1146 4230 Christi
1171 4165 1428 4246 legatus
1442 4212 1460 4246 ,
1506 4164 1689 4230 debet
1716 4164 1878 4231 sicut

330 4272 470 4358 ipse
506 4271 891 4351 ambulavit,
924 4276 990 4337 et
1025 4271 1162 4354 ipse
1201 4271 1534 4337 ambulare
1544 4294 1562 4351 ;
1593 4272 1875 4356 alioquin

329 4380 449 4465 qui
487 4378 821 4444 ambulant
844 4379 913 4443 in
944 4378 1274 4458 curribus,
1304 4383 1367 4443 et
1396 4378 1466 4443 in
1491 4379 1676 4462 equis
1713 4380 1875 4462 pha-

325 4488 568 4568 leratis,
600 4488 669 4552 in
691 4486 945 4569 pompis
969 4491 1032 4552 et
1059 4486 1322 4565 divitiis,
1351 4505 1482 4552 nou
1508 4489 1606 4552 est
1627 4506 1876 4553 succes-

329 4614 463 4677 sor,
487 4615 609 4662 nec
632 4596 886 4678 legatus
902 4595 1161 4674 Christi,
1182 4596 1295 4679 qui
1313 4614 1444 4661 non
1458 4595 1650 4661 habet
1671 4597 1741 4661 in
1758 4616 1878 4663 sua

331 4706 468 4771 vita
493 4707 883 4789 paupertatis
908 4704 1179 4786 signum
1216 4704 1483 4786 Christi,
1515 4705 1630 4788 qui
1661 4706 1740 4790 (a)
1781 4712 1878 4773 est

330 4814 675 4898 legationis
707 4813 1133 4897 approbatum
1160 4812 1468 4894 sigillum.
1510 4813 1645 4879 Hoc
1670 4819 1874 4881 atten-

331 4923 492 4988 dens
523 4921 748 4990 Petrus
782 4920 943 4986 dixit
976 4920 1057 4986 ad
1092 4920 1441 4985 Dominum
1471 4922 1494 4956 ²
1532 4942 1551 4986 ε
1581 4921 1742 4986 Ecce
1762 4939 1879 4987 nos

333 5030 713 5114 reliquimus
736 5029 955 5094 omnia
972 5077 989 5109 ,
1024 5033 1088 5094 et
1113 5029 1310 5094 secuti
1338 5047 1565 5095 sumus
1590 5032 1688 5110 te;
1721 5032 1880 5115 quid

337 5155 501 5220 ergo
522 5137 649 5204 erit
678 5136 901 5202 nobis?
934 5136 1121 5202 Iesus
1155 5139 1373 5201 autem
1409 5137 1571 5202 dixit
1616 5160 1633 5202 ε
1670 5138 1879 5205 Amen

338 5246 477 5314 dico
501 5245 708 5325 vohis,
736 5244 913 5328 quod
941 5259 1081 5325 vos,
1109 5243 1223 5328 qui
1250 5243 1605 5334 ‚reliquistis
1632 5248 1875 5331 omnia,

400 5411 420 5447 ¹
449 5409 585 5462 Pal.
614 5409 769 5474 xirrn,
795 5409 842 5460 6.
868 5434 932 5447 -
956 5405 983 5443 ¹
1005 5401 1214 5472 mula,
1234 5415 1346 5471 xix,
1374 5403 1543 5459 27-28.
1567 5434 1631 5446 —
1657 5409 1679 5446 ⁸
1704 5411 1878 5478 Greg.,

343 5485 397 5534 tn
423 5483 638 5550 hoio..
663 5481 813 5534 hom.
834 5491 891 5546 v,
910 5493 967 5532 n.
992 5481 1041 5531 2.

3406 473 3524 540 :m

1978 610 2046 673 et
2070 610 2273 675 secuti
2297 612 2449 677 estis
2475 629 2608 692 me,
2633 613 2702 677 in
2727 610 3220 695 regeneratione
3255 627 3409 675 cum
3435 626 3530 674 se-

1979 716 2143 780 derit
2169 716 2370 783 Filius
2404 719 2685 784 hominis
2708 719 2777 784 in
2815 719 2964 785 sede
2989 718 3339 802 majestatis
3363 734 3525 797 suae,

1978 825 2278 890 sedebitis
2303 830 2368 891 et
2395 846 2515 893 vos
2542 844 2735 910 super
2761 828 2940 893 mdes
2966 826 3326 910 duodecim,
3349 825 3529 908 judi-

1977 937 2195 997 cantes
2221 934 2558 999 duodecim
2575 936 2786 1000 tribus
2805 935 3021 1000 Israel.
3043 957 3077 996 ι)
3105 934 3334 1000 Petrus
3353 933 3530 998 enim

1978 1043 2119 1104 erat
2145 1040 2421 1124 piscator
2445 1047 2510 1107 et
2533 1061 2798 1126 pauper,
2828 1047 2967 1108 arte
2993 1047 3058 1107 et
3087 1060 3284 1107 manu
3312 1040 3529 1104 cibum

1980 1150 2337 1230 quaerebat,
2378 1154 2617 1215 etcum
2654 1150 3032 1216 confidentia
3071 1149 3333 1231 allegat.
3359 1146 3529 1211 mul-

1979 1258 2146 1336 tum,
2171 1275 2322 1321 cum
2342 1256 2492 1322 dicit
2525 1280 2540 1323 ε
2573 1258 2732 1324 Ecce
2748 1274 2866 1325 nos
2881 1259 3264 1341 reliquimus
3286 1256 3528 1333 omnia,

1981 1369 2043 1430 ct
2070 1367 2276 1431 secuti
2311 1381 2534 1431 sumus
2576 1371 2633 1433 te
2643 1385 2672 1448 ;
2709 1369 2774 1431 et
2812 1365 3113 1449 explanat
3151 1363 3528 1447 praemium,

1980 1489 2132 1535 cum
2159 1472 2310 1536 dicit
2337 1493 2354 1535 ε
2391 1472 2570 1554 Quid
2593 1488 2739 1557 erqo
2766 1476 2893 1540 erit
2916 1473 3100 1540 nobis
3123 1472 3428 1554 proemii?
3455 1470 3534 1536 Et

1980 1580 2106 1646 hoc
2130 1585 2247 1661 est,
2276 1583 2451 1665 quia,
2479 1583 2645 1648 sicut
2669 1583 2820 1648 dicit
2846 1582 3195 1664 Gregorius
3217 1580 3264 1657 ⁸,
3298 1604 3332 1643 α
3355 1584 3533 1645 tanta

1981 1705 2023 1750 a
2051 1689 2467 1771 sequentihus
2503 1690 2768 1755 dimissa
2810 1695 2965 1755 suut
2984 1735 3004 1771 ,
3040 1690 3282 1772 quanta
3317 1705 3359 1751 a
3398 1704 3533 1752 non

1982 1797 2401 1878 sequentibus
2449 1798 2816 1882 concupisci
2860 1800 3230 1881 potuerunt.
3273 1817 3305 1855 s
3360 1793 3532 1860 Beue

1983 1920 2147 1985 ergo
2168 1904 2390 1984 fecisti,-
2423 1904 2632 1985 Petre,
2660 1909 2725 1971 et
2750 1905 2964 1970 caeteri
2991 1902 3280 1987 apostoli,
3312 1903 3532 1967 omnia

1983 2011 2430 2095 relinquendo,
2464 2014 2617 2096 quia
2640 2031 2753 2097 per
2774 2013 2900 2078 hoc
2927 2013 3289 2078 maximum
3316 2030 3532 2076 conse-

1982 2097 2116 2183 cuti
2145 2119 2294 2183 estis
2314 2120 2682 2202 praeminm.
2714 2118 2854 2185 Non
2886 2120 3060 2184 enim
3089 2138 3206 2202 pro
3232 2124 3404 2184 certo
3420 2118 3533 2185 ali·

1982 2229 2083 2290 ter
2118 2226 2450 2291 obtinuisti
2492 2227 2922 2310 principatum
2947 2227 3097 2292 fidei
3132 2226 3528 2305 christianae,

1985 2334 2144 2416 quia
2166 2352 2500 2417 nunquam
2527 2336 2596 2399 in
2615 2334 2799 2401 vobis
2824 2335 3133 2399 Dominus
3151 2334 3532 2399 fundaturus

1984 2444 2122 2505 erat
2147 2440 2513 2522 Ecclesiam,
2545 2442 2669 2506 nisi
2697 2460 2815 2508 vos
2849 2442 3061 2525 primo
3085 2442 3168 2506 ad
3191 2441 3352 2506 illud
3379 2442 3527 2506 tun·

1983 2549 2356 2614 damentum
2386 2549 2761 2629 reduxisset,
2781 2555 2845 2613 et
2867 2549 2935 2613 in
2958 2568 3036 2614 eo
3055 2550 3392 2628 firmasset,
3413 2566 3531 2613 nec

1984 2656 2067 2721 ad
2108 2656 2290 2721 sedes
2326 2656 2686 2739 judiciariae
2729 2657 3055 2739 potestatis
3099 2656 3527 2721 sublimasset.

1986 2762 2147 2828 Nam
2170 2766 2311 2830 haec
2338 2770 2433 2829 est
2454 2765 2566 2830 illa
2591 2764 2895 2831 celsitudo
2913 2765 3237 2829 altissimae
3261 2781 3530 2847 pauper·

1985 2873 2164 2953 tatis,
2202 2891 2349 2956 quae
2387 2891 2503 2938 vos
2542 2872 2859 2956 apostolos
2901 2872 3189 2938 baeredes
3231 2876 3296 2936 et
3336 2888 3529 2954 reges

1985 2979 2178 3060 regni
2229 2980 2541 3045 coelorum
2581 2980 2902 3045 constituit
2920 3026 2941 3059 ,
2985 2996 3298 3062 pauperes
3334 2980 3529 3046 rebus

1984 3085 2133 3151 fecit
2153 3134 2172 3167 ,
2218 3087 2567 3152 virtutibus
2610 3085 3003 3152 sublimavit.
3043 3086 3222 3151 Certe
3264 3103 3383 3151 nec
3433 3090 3531 3152 est

1986 3194 2228 3258 mirum
2251 3244 2270 3274 ,
2313 3194 2369 3258 si
2417 3193 2508 3258 ila
2557 3193 2915 3258 sublimiter
2961 3193 3413 3259 inthronizavit
3465 3200 3532 3260 et

1985 3302 2428 3385 magnificavit
2465 3320 2575 3366 eos
2617 3301 2887 3366 altitudo
2919 3302 3334 3385 paupertatis.
3366 3300 3529 3366 Nam

1985 3410 2150 3475 sicut
2201 3411 2495 3476 videmus
2548 3411 2616 3475 in
2664 3410 2802 3475 istis
2844 3410 3311 3491 materialibus,
3358 3411 3531 3494 quod

1986 3521 2166 3583 tanto
2203 3518 2314 3583 ille
2349 3536 2649 3583 8888118118
2689 3516 2910 3596 altior,
2960 3523 3202 3600 quanto
3240 3519 3307 3584 id
3356 3519 3531 3602 quod

1987 3627 2270 3691 ascendit
2294 3626 2485 3692 fuerit
2506 3626 2715 3691 levius
2739 3631 2804 3690 et
2827 3625 3054 3709 purius
3067 3647 3085 3705 ;
3111 3626 3202 3690 sic
3225 3630 3290 3690 et
3315 3628 3384 3690 in
3410 3627 3531 3710 spi-

1986 3736 2328 3801 ritualibus
2356 3739 2535 3800 tanto
2557 3753 2855 3800 ascensus
2876 3735 3082 3815 altior,
3105 3741 3344 3818 quanto
3361 3736 3532 3819 quod

1986 3844 2272 3920 ascendit
2297 3862 2338 3907 a
2360 3847 2619 3908 terrena
2647 3841 2990 3926 cupiditate
3030 3846 3127 3907 est
3169 3842 3396 3926 purius
3416 3889 3437 3922 ,
3467 3846 3534 3910 et

1987 3952 2226 4018 virtute
2255 3952 2486 4033 gratiae
2509 3950 2785 4034 plenius.

2066 4059 2358 4125 Secundo
2383 4058 2782 4141 reliquerunt
2807 4056 3027 4122 omnia
3045 4062 3351 4140 tanquam
3379 4057 3532 4126 vin-

1985 4168 2133 4234 cula
2168 4166 2510 4233 detinentis
2530 4215 2547 4247 ,
2578 4170 2655 4231 ut
2690 4170 2902 4231 essent
2938 4165 3287 4230 securiores
3312 4165 3393 4231 ad
3421 4185 3530 4232 ar·

1986 4277 2329 4362 guendum
2356 4274 2628 4338 malum.
2660 4273 2945 4357 Apostoli
2967 4291 3247 4357 namque
3262 4276 3527 4356 nemini,

1987 4404 2207 4451 amore
2260 4381 2665 4466 acquirendi,
2720 4381 2826 4447 vel
2879 4382 3109 4446 timore
3156 4382 3483 4448 amittendi
3501 4431 3527 4465 ,

1987 4493 2174 4578 quasi
2214 4491 2600 4576 quibusdam
2643 4490 2919 4556 vinculis
2975 4489 3210 4554 detenti
3225 4537 3247 4569 ,
3315 4508 3532 4573 parce-

1985 4603 2164 4677 bant,
2181 4617 2392 4683 neque
2412 4598 2747 4664 veritatem
2767 4596 3077 4676 tacebant3
3097 4597 3230 4662 imo
3248 4597 3532 4663 veritatis

1979 4708 2217 4793 ,iaculis
2261 4712 2393 4772 tam
2433 4723 2739 4789 magnos,
2789 4722 2983 4788 quam
3037 4723 3292 4788 pueros,
3347 4722 3532 4789 aeque

1987 4819 2321 4884 feriebant.
2351 4815 2557 4881 Metus
2584 4815 2759 4880 enim
2788 4819 3058 4879 terreuae
3092 4814 3435 4897 potestatiS,
3465 4819 3530 4881 et

1987 4927 2277 5011 quaestus
2306 4923 2654 4988 mundanae
2688 4921 3082 5004 cupiditatis,
3128 4925 3436 5003 generant
3460 4922 3528 4987 in

1987 5032 2388 5108 hominibus,
2433 5029 2545 5113 qui
2584 5030 2810 5094 nolunt
2848 5028 3209 5111 relinquere
3236 5029 3358 5094 ista
3395 5033 3530 5096 ter-

1988 5158 2175 5220 rena,
2214 5139 2598 5220 ambiguum
2639 5133 3170 5201 similitudinariae
3214 5136 3524 5206 falsitatis.

1989 5247 2237 5313 Malunt
2251 5246 2504 5311 studere
2520 5243 2868 5309 adulationi
2885 5246 2950 5308 et
2963 5243 3314 5327 cupiditati,
3331 5263 3530 5328 quam

1988 5355 2282 5422 assistere
2307 5352 2587 5420 veritati.
2617 5351 2695 5418 Et
2720 5354 2978 5437 propter
2993 5351 3118 5418 hoc
3145 5349 3531 5422 mathathias

2051 5481 2123 5548 (α)
2152 5480 2304 5533 For-te
2335 5478 2435 5548 leq.
2468 5492 2600 5546 quae.
