4059 6317
1323 502 1425 569 DE
1464 503 1580 570 SS.
1623 502 1882 571 PETRO
1924 504 2026 570 ET
2076 504 2364 574 PAULO.

238 638 331 695 tus
356 640 463 709 est,
491 637 659 711 cuius
685 652 799 711 ego
823 652 948 695 non
975 652 1109 697 sum
1146 637 1364 712 dignus
1390 638 1620 697 solvere
1647 654 1779 698 cor·

233 731 445 804 rigiam
471 730 875 802 calceamenti,
912 750 943 788 n
974 734 1081 789 etc.
1115 735 1182 791 Et
1220 732 1394 808 plura
1438 733 1672 792 addidit
1701 732 1778 792 de

235 841 341 884 sna
364 824 694 883 humilitate
714 824 962 884 ibidem.
983 830 1154 899 Ergo,
1186 826 1329 902 quia
1347 826 1511 885 sicin
1538 844 1773 887 summo

235 918 475 977 humilis
512 918 657 991 fuit,
700 935 929 977 summe
983 919 1228 979 exaltari
1273 922 1619 997 promeruit.
1662 923 1776 982 Sed

236 1012 368 1087 quis
407 1012 588 1071 hodie
624 1012 864 1072 humilis
908 1030 1044 1072 cum
1069 1017 1295 1073 Joanne
1313 1018 1342 1074 ‘3
1371 1016 1505 1091 quis
1527 1033 1651 1075 non
1678 1035 1776 1076 su-

234 1106 456 1181 perbus
484 1123 621 1164 cum
661 1106 930 1166 Herode?
967 1108 1113 1183 quid
1140 1108 1322 1168 hodie
1349 1110 1632 1182 muuduS,
1660 1110 1775 1169 nisi

233 1200 559 1275 superbia?
576 1200 737 1259 Unde
763 1201 1072 1261 discordiae
1089 1204 1119 1261 ‘i
1146 1204 1306 1262 unde
1320 1220 1547 1279 guerroe
1561 1207 1592 1263 i
1615 1205 1777 1263 unde

232 1294 412 1352 rixoe?
439 1294 598 1353 unde
638 1295 958 1354 incendia?
995 1296 1156 1356 unde
1196 1298 1567 1357 homicidia?
1617 1298 1776 1357 unde

233 1388 425 1448 furta?
452 1389 612 1448 unde
641 1389 974 1448 adulteria?
1004 1390 1164 1450 unde
1209 1392 1413 1451 omnia
1439 1392 1631 1467 mala,
1663 1394 1776 1452 nisi

235 1499 309 1542 ex
335 1483 635 1559 superbia,
666 1500 798 1558 quoe
834 1483 1039 1544 divina
1081 1486 1460 1560 parvipendit
1498 1486 1773 1562 imperia,

236 1576 440 1636 divina
465 1576 677 1651 refugit
701 1579 945 1652 praemia
962 1622 981 1652 ‚
1013 1578 1179 1637 nulla
1217 1579 1528 1639 infernalia
1563 1580 1771 1640 formi-

235 1670 337 1729 dat
361 1670 693 1746 supplicia?
719 1672 946 1730 Utinam
985 1672 1353 1732 attenderent
1379 1676 1578 1733 miseri
1607 1677 1777 1750 quod

235 1780 443 1824 eorum
492 1764 683 1838 gloria
731 1769 818 1823 est
865 1766 1016 1824 sicut
1057 1767 1233 1841 palea
1276 1769 1413 1841 igne
1461 1785 1773 1843 succensa,

235 1874 368 1932 quoe
395 1857 476 1918 ad
502 1859 685 1917 ictum
722 1858 881 1918 oculi
916 1864 1038 1920 tota
1079 1860 1419 1933 combusta,
1460 1878 1571 1921 nec
1598 1863 1776 1922 etiam

232 1952 380 2011 viles
409 1952 632 2012 cineres
658 1954 1034 2031 derelinquit.
1078 1957 1223 2014 Sunt
1247 1956 1408 2014 enim
1434 1957 1587 2016 sicut
1614 1974 1776 2033 aqua

234 2047 523 2121 defluens,
552 2064 685 2124 quoe
726 2050 893 2125 prius
937 2048 1275 2108 dissolvitur
1296 2093 1316 2123 ,
1343 2067 1528 2126 quam
1566 2056 1776 2126 tanga-

233 2150 344 2203 tur.
375 2144 620 2205 uultum
662 2144 905 2216 erigitur
941 2148 998 2203 et
1040 2143 1278 2202 inflatur
1317 2161 1529 2219 spuma
1565 2148 1745 2204 maris
1753 2167 1772 2220 ;

233 2239 339 2299 sed
362 2255 506 2298 mox
535 2237 865 2310 evanescit,
904 2237 1145 2296 modico
1192 2243 1367 2297 vento
1409 2242 1581 2297 tacta.
1613 2240 1776 2299 Unde

230 2335 406 2392 vobis
425 2374 446 2404 ,
490 2332 600 2390 filii
642 2331 966 2406 superbiae,
1011 2336 1171 2391 tanta
1228 2332 1304 2390 de
1348 2332 1471 2391 vita
1515 2333 1776 2394 fiducia?

232 2426 534 2501 Numquid
573 2441 699 2484 non
732 2440 950 2501 corpus
985 2425 1317 2484 humanum
1355 2426 1622 2501 fragilius
1669 2432 1774 2500 est,

231 2537 417 2596 quam
441 2522 690 2591 vitrum,
722 2519 861 2594 quia
889 2519 1106 2577 vitrum
1146 2519 1277 2578 solo
1320 2535 1609 2579 concussu
1635 2514 1772 2581 alte'-

228 2615 350 2674 rius
377 2614 646 2689 corporis
659 2613 975 2687 rumpitur,
1002 2613 1108 2670 sed
1134 2613 1393 2672 hominis
1413 2630 1629 2690 corpus
1644 2632 1773 2674 mo-

230 2710 321 2768 dis
343 2708 672 2767 innumeris
696 2707 1027 2781 frangitur?
1054 2706 1169 2766 Sed
1195 2708 1492 2783 numquid
1518 2709 1777 2768 confidis

226 2805 287 2862 in
311 2801 617 2878 pecunia?
643 2800 758 2860 Sed
792 2801 898 2859 ubi
934 2802 1146 2860 mundi
1193 2802 1446 2860 divites?
1473 2803 1580 2863 ubi
1605 2804 1770 2878 prin-

228 2899 427 2973 cipes?
450 2896 556 2956 ubi
583 2912 780 2969 reges,
818 2896 922 2971 qui
967 2898 1171 2956 omnia
1217 2898 1655 2973 possederunt?
1680 2899 1773 2959 Sie

227 2993 302 3051 de
328 2992 595 3067 potentia
611 3035 629 3063 ,
655 2991 740 3049 sic
784 2989 861 3049 de
901 2990 1190 3068 sapientia
1236 2992 1470 3067 penitus
1524 2998 1609 3052 est
1646 3009 1775 3052 sen-

224 3086 517 3145 tiendum.
541 3088 726 3159 Erg0,
755 3085 992 3157 fratres,
1020 3101 1145 3144 non
1193 3085 1610 3161 superbiamus
1638 3103 1777 3146 cum

227 3179 494 3250 Herode,
522 3179 629 3238 sed
655 3180 840 3237 simus
876 3179 1131 3238 humiles
1171 3197 1305 3238 cum
1351 3183 1617 3239 Joanne:
1652 3197 1777 3241 non

225 3274 644 3350 superbiamus
670 3290 808 3331 cum
847 3273 1125 3347 diabolo,
1155 3274 1263 3333 sed
1307 3276 1496 3335 simus
1520 3277 1777 3336 humiles

227 3385 364 3443 cum
391 3367 642 3427 Christo.

294 3464 488 3522 Tertio
532 3462 858 3521 ostenditur
901 3461 1078 3522 fuisse
1133 3479 1489 3538 magnorum
1536 3467 1777 3526 merito·

224 3574 381 3631 rum,
404 3573 482 3615 ex
500 3560 664 3631 parte
686 3558 930 3614 austerae
946 3557 1319 3631 poenitentiae,
1341 3575 1525 3633 quam
1544 3576 1777 3635 semper

224 3650 487 3725 portavit
517 3668 530 3707 :
572 3649 866 3713 fuit,enim
895 3655 1127 3709 austera
1165 3651 1293 3725 eJus
1330 3653 1674 3727 poenitentia
1703 3671 1778 3713 ex

223 3748 392 3819 parte
432 3744 583 3816 loci,
613 3747 669 3803 et
704 3760 778 3802 ex
814 3748 980 3819 parte
1024 3746 1376 3818 vestimenti,
1408 3752 1464 3805 et
1498 3763 1572 3806 ex
1609 3753 1777 3824 parte

225 3839 364 3896 cibi.
392 3841 458 3896 In
480 3838 572 3895 his
594 3838 751 3895 enim
779 3838 970 3896 tribus
992 3839 1252 3897 consistit
1268 3840 1574 3900 austeritas
1592 3843 1778 3918 poeni-

223 3933 421 3991 tentiae
453 3950 470 3990 ε
499 3947 636 3989 nam
666 3928 987 3990 infantulus
1012 3931 1275 3992 introivit
1318 3934 1640 4009 desertum,
1672 3937 1780 3995 ubi

225 4031 312 4086 est
356 4028 530 4086 locus
576 4025 730 4099 vine,
772 4025 941 4084 locus
994 4026 1227 4101 sterilis,
1271 4028 1439 4086 locus
1487 4030 1780 4090 inhabita-

224 4121 382 4180 bilis.
422 4124 568 4179 Item
603 4119 730 4193 ejus
765 4120 1179 4178 vestimentum
1209 4122 1559 4182 vilissimum
1596 4129 1653 4185 et
1678 4142 1775 4184 as-

223 4217 579 4290 perrimum.
623 4218 767 4274 ltem
804 4214 974 4273 cibus
1009 4214 1135 4289 ejus
1171 4216 1465 4289 modicuS,
1504 4224 1560 4277 et
1586 4220 1780 4278 admi-

224 4309 475 4381 randus,
507 4312 564 4366 et
590 4308 855 4367 similiter
881 4313 1075 4384 potus.
1106 4310 1269 4368 Unde
1298 4310 1511 4370 dicitur
1536 4312 1598 4370 in
1626 4316 1776 4372 Mat·
1827 4308 1848 4329 “’

226 4405 363 4461 thoeo
384 4402 403 4437 ¹
428 4422 443 4460 ε
483 4423 510 4456 α
528 4406 655 4478 Ipse
672 4406 928 4463 Ioannes
945 4407 1069 4462 erat
1084 4404 1145 4461 in
1169 4404 1424 4477 deserto,
1445 4413 1502 4464 et
1519 4408 1784 4467 habebat

221 4498 645 4557 vestimentum
664 4498 740 4556 de
757 4498 894 4573 pilis
918 4498 1306 4570 camelorum,
1335 4505 1394 4558 et
1417 4517 1627 4561 zonam
1658 4504 1781 4578 pel-

224 4592 446 4652 liceam
476 4592 631 4651 circa
673 4590 934 4650 lumbos,
976 4595 1118 4650 Esca
1159 4598 1356 4651 autem
1384 4596 1511 4668 ejus
1536 4600 1662 4654 erat
1687 4598 1781 4655 lo-

228 4690 432 4758 eustae,
454 4689 513 4742 et
535 4685 659 4744 mel
681 4685 959 4744 silvestre.
982 4704 1010 4739 ι»
1050 4688 1127 4743 De
1151 4689 1297 4761 potu
1326 4687 1452 4760 ejus
1482 4687 1693 4749 dicitur
1716 4691 1780 4749 in

228 4781 418 4841 Luca·
452 4796 468 4838 ι
513 4780 725 4838 «Venit
760 4782 1017 4839 loannes
1058 4780 1329 4855 Baptista,
1370 4797 1493 4839 non
1529 4785 1783 4843 mandu-

229 4892 376 4934 cans
402 4889 646 4950 panem,
675 4889 870 4948 neque
891 4874 1108 4932 bibens
1124 4875 1352 4933 vinum.
1381 4895 1410 4929 n
1436 4876 1783 4938 Praedictum

229 4968 393 5027 enim
436 4970 562 5025 erat
600 4982 709 5042 per
743 4968 1078 5040 Angelum⁸
1106 4986 1122 5026 ε
1161 4969 1421 5027 «Vinum
1451 4974 1507 5028 et
1534 4970 1783 5030 siceram

229 5079 357 5122 non
381 5062 570 5120 bibet.
593 5080 624 5118 ι»
652 5060 769 5119 Sed
797 5060 929 5135 quis
953 5062 1134 5120 hodie
1151 5063 1348 5143 ¹talem
1381 5064 1784 5139 poenitentiam

229 5155 410 5216 facit?
456 5159 585 5213 Non
621 5154 686 5212 in
730 5154 984 5227 deserto,
1027 5156 1134 5214 sed
1181 5157 1394 5232 amplis
1444 5159 1677 5234 palatiis
1727 5161 1788 5219 et

300 5309 319 5343 ¹
346 5301 538 5366 Alaun,
567 5314 655 5367 111,
691 5305 738 5353 4.
762 5329 815 5339 —-
858 5303 876 5334 ²
910 5303 1044 5365 Luc„
1078 5314 1178 5370 v11,
1209 5307 1293 5356 33.
1318 5333 1382 5344 —
1417 5306 1439 5342 ὃ
1465 5309 1602 5372 Luc„
1631 5321 1670 5371 1,
1702 5313 1783 5361 ¹5.

234 5403 298 5417 —
326 5376 350 5413 δ
377 5376 519 5431 Luc..
553 5385 645 5437 ιιι,
673 5376 723 5424 8.
757 5399 820 5411 -
847 5375 866 5406 ⁸
894 5376 1129 5439 Gregor„
1167 5378 1220 5426 in
1257 5378 1469 5443 Emnq„
1511 5381 1655 5431 hom.
1694 5393 1783 5444 xx,

234 5463 292 5505 u.
323 5452 375 5505 8.
404 5472 471 5486 -
496 5447 517 5478 ⁸
544 5447 723 5515 Mam,
754 5458 826 5514 vi,
854 5450 932 5499 20.
958 5471 1024 5491 -·-
1059 5448 1080 5485 “¹
1107 5449 1298 5507 Praeter
1330 5454 1487 5516 nunc,
1517 5464 1672 5523 quem
1698 5453 1783 5509 vel

3323 512 3436 576 571

1882 640 2049 700 lectis
2087 640 2521 716 spatiosissimis
2559 642 2918 719 poenitemus
2949 662 2963 702 ε
3002 646 3208 703 nostra
3248 643 3443 720 poeni-

1884 734 2062 792 tentia
2094 741 2230 795 sunt
2274 736 2688 796 delicatissima
2722 736 3070 796 vestimenta
3084 757 3103 810 ;
3148 754 3273 797 non
3316 738 3439 797 duo

1884 830 2076 904 paria,
2102 829 2208 888 sed
2234 828 2494 905 plurima
2521 849 2536 888 ε
2565 847 2690 889 non
2724 831 2982 903 locusta,
3027 847 3136 889 nec
3170 831 3341 907 panis
3380 836 3440 891 et

1887 938 2067 997 aqua,
2110 922 2219 981 sed
2259 922 2484 983 fercula
2520 926 2711 996 varia,
2741 929 2797 984 et
2830 925 2972 983 vina
3007 924 3206 983 dulcia
3243 930 3302 983 et
3342 924 3435 982 di-

1885 1032 2076 1075 versa.
2107 1019 2250 1074 Vere
2274 1032 2398 1075 non
2425 1019 2510 1076 est
2532 1033 2698 1090 vera,
2728 1018 2834 1076 sed
2858 1017 3009 1076 falsa
3026 1022 3228 1077 nostra
3248 1018 3440 1092 poeni-

1885 1111 2096 1179 tentia3
2125 1111 2248 1169 imo
2271 1126 2381 1170 nec
2407 1112 2749 1186 poenitentia
2781 1117 2866 1171 est
2899 1111 3298 1185 nominanda,
3326 1112 3438 1171 ubi

1884 1204 2053 1262 nulla
2077 1207 2212 1262 sunt
2241 1221 2472 1280 aspera,
2502 1205 2609 1264 sed
2637 1206 2838 1264 dulcia
2862 1206 3162 1266 universa.
3191 1207 3248 1265 Si
3278 1206 3436 1265 enim

1881 1299 2157 1371 loannes,
2190 1299 2293 1373 qui
2334 1314 2409 1357 ex
2448 1304 2617 1359 utero
2665 1301 2774 1358 fuit
2800 1305 3063 1372 sanctuS,
3095 1300 3231 1376 qui,
3257 1302 3324 1358 ut
3349 1299 3438 1357 di-

1885 1392 2054 1462 citur,
2074 1393 2376 1452 actualiter
2393 1408 2705 1469 nunquam
2722 1394 3008 1469 peccavit,
3023 1398 3145 1452 tam
3163 1408 3437 1468 asperam

1883 1487 2287 1561 poenitentiam
2309 1486 2581 1559 faciebat,
2610 1488 2761 1563 quid
2799 1487 2993 1548 facere
3037 1488 3259 1547 debent
3299 1504 3440 1563 pec-

1884 1586 2108 1639 catores
2126 1581 2313 1655 impii,
2335 1582 2590 1655 peccatis
2613 1582 2892 1640 omnibus
2908 1582 3108 1657 pleni?
3128 1584 3255 1656 lpse
3279 1581 3438 1640 enim

1881 1676 2136 1733 loannes
2164 1674 2661 1749 praedicaverat‘:
2694 1694 2724 1730 (ε
2743 1675 2934 1735 Facite
2960 1675 3183 1735 fructus
3219 1676 3438 1750 dignos

1879 1769 2254 1844 poenitentioe.
2279 1790 2308 1825 ι
2342 1769 2450 1828 Ubi
2478 1769 2620 1827 dicit
2646 1771 2959 1843 Gregorius
2976 1770 3023 1843 ⁵,
3058 1771 3225 1846 quod
3263 1790 3291 1825 α
3312 1787 3437 1830 non

1884 1862 2062 1921 debet
2087 1878 2212 1921 esse
2251 1879 2362 1938 par
2399 1863 2741 1939 poenitentia
2779 1865 2930 1937 ejus,
2966 1863 3070 1938 qui
3106 1880 3344 1938 parum,
3384 1868 3441 1924 et

1883 1958 2042 2029 eius,
2082 1956 2188 2032 qui
2229 1957 2482 2016 multum
2519 1957 2791 2032 peccavit
2823 1975 2837 2014 :
2868 1978 2894 2011 ιο
2932 1973 3074 2032 ergo
3107 1957 3439 2017 secundum

1881 2067 2224 2109 mensuram
2247 2052 2437 2128 culpae
2473 2051 2650 2110 debet
2677 2068 2802 2109 esse
2848 2068 3125 2111 mensura
3145 2052 3438 2127 poeniten-

1883 2145 1994 2203 tiae.
2024 2146 2080 2203 Si
2105 2149 2361 2206 Ioannes
2405 2149 2462 2204 et
2505 2145 2720 2217 HeliaS,
2766 2149 2824 2203 et
2868 2161 3075 2204 omnes
3112 2147 3297 2205 sancti
3336 2164 3439 2223 pa-

1881 2241 2018 2312 tres,
2050 2239 2113 2297 in
2141 2239 2383 2297 desertis
2403 2238 2636 2315 AEgypti
2662 2240 2835 2297 tantis
2862 2256 2924 2298 se
2956 2239 3172 2314 vigiliis
3201 2246 3259 2300 et
3285 2241 3436 2316 ieju-

1882 2333 1996 2390 niis
2023 2336 2426 2406 macerarunt,
2474 2339 2597 2392 tam
2642 2350 2855 2410 aspera
2897 2338 2954 2393 et
2985 2333 3207 2393 inculta
3250 2335 3429 2394 vesti-

1882 2431 2082 2484 menta
2135 2430 2550 2500 portaverunt,
2610 2427 2760 2503 quid
2816 2444 2928 2486 nos
2967 2427 3129 2502 pleni
3179 2429 3435 2504 peccatis

1883 2520 2163 2579 omnibus
2184 2520 2376 2579 facere
2402 2521 2735 2581 debemus?

1954 2617 2172 2684 Quarto
2199 2619 2225 2674 J
2230 2631 2453 2674 oannes
2489 2616 2813 2674 ostenditur
2852 2616 3030 2676 fuisse
3075 2632 3438 2690 magnorum

1882 2710 2230 2768 meritorum
2257 2727 2331 2768 ex
2357 2715 2522 2785 parte
2548 2711 2658 2769 zeli
2695 2709 2950 2785 justitiae,
2980 2726 3094 2785 pro
3140 2709 3274 2786 quo'
3307 2713 3436 2770 ani-

1883 2819 2046 2861 mam
2064 2820 2235 2861 suam
2252 2805 2467 2878 posuit.
2490 2808 2636 2863 Nam
2657 2805 2798 2880 quia
2822 2804 3116 2863 Herodem
3143 2804 3219 2862 de
3246 2820 3433 2863 uxore

1881 2895 2074 2954 fratris
2103 2898 2316 2970 arguit,
2361 2898 2618 2956 Herodes
2655 2897 2851 2972 ipsum
2892 2897 3126 2956 occidit.
3162 2897 3436 2972 Multipli-

1884 2992 2025 3050 citer
2043 2992 2066 3029 ⁸
2092 3010 2123 3047 α
2152 2992 2452 3050 metuebat
2470 2990 2727 3049 Herodes
2747 2994 3057 3065 loannem,
3086 2992 3278 3050 sciens
3297 3009 3439 3050 eum

1883 3086 2081 3143 virum
2116 3086 2342 3159 justum
2388 3090 2446 3145 et
2489 3088 2780 3144 sanctum.
2803 3106 2835 3141 ι
2884 3088 2931 3146 Ο
2974 3090 3121 3161 quot
3154 3090 3293 3144 sunt
3326 3089 3438 3145 He-

1883 3180 2085 3251 rodes,
2113 3181 2219 3255 qui
2254 3181 2446 3254 justos
2483 3184 2790 3255 premunt,
2820 3181 3096 3254 angarias
3133 3180 3217 3239 eis
3242 3180 3437 3255 impo-

1884 3278 2053 3347 nunt,
2088 3279 2145 3333 et
2186 3275 2552 3350 quandoque
2590 3290 2703 3350 pro
2736 3273 2962 3348 justitia
3006 3274 3304 3347 occidunt,
3324 3289 3435 3332 nec

1886 3368 2056 3442 argui
2081 3369 2314 3443 volunt,
2339 3372 2451 3427 etc.

2048 3564 2156 3640 DE
2215 3565 2335 3641 SS.
2394 3564 2680 3640 PETRO
2737 3564 2846 3640 ET
2904 3564 3191 3641 PAULO
3229 3556 3279 3647 ⁷.

2503 3718 2821 3782 SERMO.

1964 3841 2070 3898 Vos
2113 3842 2212 3912 qui
2242 3842 2414 3897 secuti
2449 3842 2579 3897 estis
2625 3855 2730 3908 me,
2769 3841 2831 3894 in
2874 3840 3279 3910 regeneratione
3318 3855 3440 3896 cum

1885 3933 2087 3992 sederit
2126 3934 2302 3990 Filius
2339 3934 2571 3990 hominis
2609 3935 2669 3989 in
2704 3931 2827 3989 sede
2866 3932 3168 4002 maiestatis
3212 3947 3341 4004 suoe,
3386 3938 3440 3991 et

1886 4042 1978 4085 vos
1997 4027 2246 4084 sedebitis
2268 4042 2429 4099 super
2446 4026 2600 4084 sedes
2617 4025 2919 4095 duodecim,
2928 4024 3241 4095 judicantes
3264 4027 3438 4083 tribus

1885 4123 2060 4179 Israel
2073 4120 2113 4178 ⁸.
2143 4121 2569 4194 Hieronymus,
2599 4122 2661 4175 in
2695 4118 3052 4176 Matthoeum’
3081 4137 3098 4174 :
3142 4137 3172 4172 α
3190 4119 3439 4178 Grandis

1888 4214 2145 4274 fiducia!
2189 4217 2390 4273 Petrus
2425 4214 2683 4288 piscator
2725 4216 2871 4284 erat,
2910 4212 3114 4272 cibum
3157 4228 3339 4270 manu
3381 4214 3441 4272 et

1889 4315 2012 4369 arte
2043 4308 2380 4384 quoerebat3
2412 4311 2693 4366 ettamen
2729 4306 3092 4365 confidenter
3119 4307 3263 4366 dicit
3291 4325 3310 4364 ε
3341 4310 3440 4365 Di-

1886 4406 2133 4461 misimus
2182 4405 2363 4460 omm'a
2400 4419 2422 4458 .·
2449 4399 2697 4460 fecimus
2709 4444 2729 4473 ,
2785 4400 2953 4476 quod
2984 4401 3235 4474 ‚iussisti3
3288 4401 3438 4476 quid

1889 4498 2071 4573 igitur
2098 4496 2270 4554 dabis
2298 4495 2472 4554 nobis
2509 4495 2823 4570 praemiii»
2855 4494 2945 4553 Ad
2973 4496 3127 4554 hanc
3167 4495 3438 4570 quaestio-

1890 4608 2029 4650 nem
2055 4588 2424 4665 respondens
2452 4589 2567 4648 ait:
2599 4591 2725 4659 Vos,
2749 4591 2847 4661 qui
2863 4593 3032 4647 secuti
3055 4592 3185 4647 estis
3205 4606 3308 4662 me,
3326 4570 3435 4648 etc'.

1892 4687 2057 4745 Circa
2083 4686 2261 4758 igitur
2287 4688 2499 4742 statum
2528 4683 2740 4755 meriti,
2775 4699 2896 4757 quo
2922 4682 2985 4740 in
3012 4682 3112 4741 via
3134 4682 3437 4759 potissime

1890 4781 2249 4853 indigemus,
2286 4784 2350 4837 ut
2384 4778 2625 4836 tandem
2656 4777 2737 4835 ad
2762 4777 3072 4852 praemium
3104 4776 3434 4849 veniamus,

1890 4871 2338 4932 immorandum
2381 4874 2485 4942 est,
2513 4875 2570 4928 et
2608 4870 2967 4940 notandum,
2993 4874 3313 4946 antequam
3337 4886 3439 4928 ve-

1892 4970 2128 5029 niamus
2166 4968 2246 5026 ad
2285 4968 2629 5026 meritorum
2670 4970 2911 5038 statum,
2935 4966 3100 5040 quod
3137 4971 3274 5024 sunt
3310 4966 3442 5041 qui-

1893 5064 2037 5123 dam
2091 5065 2403 5138 sequentes
2457 5060 2649 5121 carnis
2704 5059 3081 5119 delectabilia
3131 5077 3147 5118 ι
3199 5075 3441 5118 carnem

1892 5160 2221 5233 sequuntur
2242 5156 2438 5229 gulosi
2470 5159 2526 5214 et
2549 5155 2856 5214 luxuriosi.
2890 5153 3146 5224 Quidam
3182 5157 3319 5213 sunt
3345 5170 3439 5213 se-

1893 5306 2225 5372 integriorem
2261 5303 2471 5354 exbibet
2487 5339 2502 5366 ‚
2543 5302 2696 5354 alium
2732 5315 2943 5367 prorsus
2977 5302 3239 5355 diversum
3279 5302 3441 5355 habet

1893 5378 2008 5428 cod.
2033 5376 2188 5427 Aesis.
2207 5389 2324 5427 soec.
2348 5387 2463 5427 1111.
2482 5400 2543 5413 -
2566 5373 2591 5409 ⁸
2606 5373 2818 5443 natta„
2840 5385 2929 5429 xix
2940 5410 2960 5444 ,
2980 5377 3059 5428 28.
3078 5401 3140 5414 —
3159 5376 3181 5408 ⁹
3201 5373 3439 5443 Hieron„

1897 5453 1952 5505 in
1977 5448 2182 5511 Mamm
2211 5459 2325 5504 xlx.
