4059 6317
0 4256 14 4402 -—†*

950 502 1327 571 nollssNch
1367 498 1451 566 ΙΝ
1493 494 1809 567 OCTAVA
1849 494 2202 567 PASCHAE.
2248 500 2511 571 SERMO
2553 503 2659 571 lv.
3282 506 3401 574 237

230 638 463 705 oenum.
493 637 805 704 Hae'fores
847 638 971 702 nisi
1006 639 1087 704 ab
1133 637 1370 702 illicitis
1409 636 1746 719 cogitatio-

228 748 399 813 nibus
433 747 666 813 clausae
690 748 967 827 fuerint,
999 748 1210 814 oleum
1246 748 1475 830 gratiae
1520 746 1590 811 in
1634 745 1750 810 do-

229 874 396 920 mum
410 856 640 920 mentis
659 859 793 921 tuae
816 855 887 920 in
913 855 1082 921 vasis
1108 874 1242 921 non
1267 852 1746 937 multiplicatur.

229 962 547 1027 Anselmus
573 963 593 998 ¹
641 985 658 1024 ι
699 985 731 1023 α
770 961 946 1027 Intra
993 963 1063 1026 in
1105 961 1476 1027 cubiculum
1518 961 1753 1026 mentis

227 1074 366 1147 tuae,
395 1073 458 1134 et
481 1069 707 1135 claude
753 1088 947 1154 super
972 1073 1035 1135 te
1078 1069 1312 1135 ostium
1351 1071 1579 1134 contra
1605 1086 1753 1134 om-

229 1179 359 1258 nia,
399 1181 631 1262 praeter
672 1179 1019 1244 Dominum
1042 1224 1060 1257 ‚
1104 1181 1166 1243 et
1209 1195 1359 1262 quae
1396 1179 1630 1262 juvant
1672 1176 1755 1241 ad

231 1285 632 1367 quaerendum
662 1286 873 1351 ilium.
906 1308 937 1347 n

303 1392 384 1457 De
417 1397 642 1476 quarto
668 1394 754 1475 (a)
782 1396 806 1431 ²
836 1412 855 1458 ε
894 1417 926 1455 α
953 1394 1352 1477 Acceperunt
1378 1395 1444 1458 et
1467 1391 1590 1476 ipsi
1618 1391 1753 1458 sin·

234 1500 406 1581 gulos
432 1502 744 1566 denarios.
773 1524 808 1563 »
844 1503 1156 1568 Denarius
1199 1503 1296 1566 est
1329 1500 1464 1566 vita
1492 1503 1755 1565 aeterna:

237 1606 340 1688 qui
377 1625 499 1672 non
544 1607 734 1674 datur
775 1610 901 1673 nisi
954 1610 1366 1693 operantibus
1410 1609 1480 1673 in
1536 1608 1755 1687 vinea,

237 1713 298 1777 id
321 1717 439 1793 est,
474 1714 850 1798 poenitentia
883 1716 988 1809 vel
1013 1717 1326 1800 religione
1356 1738 1373 1780 ι
1403 1717 1473 1781 in
1499 1734 1629 1800 qua
1652 1716 1759 1780 vi-

236 1839 352 1886 nea
384 1840 510 1887 non
544 1823 758 1889 solum
802 1823 1222 1890 laborandum
1257 1828 1373 1905 est,
1425 1824 1533 1889 sed
1566 1824 1761 1888 etiam

237 1928 747 2012 triumphandum
790 1932 870 1997 de
910 1932 1095 1997 leone
1129 1931 1381 1998 diabolo
1399 1980 1418 2012 ,
1457 1931 1629 2015 quod
1682 1931 1763 1995 si-

238 2037 595 2117 gnificatum
635 2043 732 2103 est
771 2038 842 2103 in
880 2038 1224 2120 Samsone,
1276 2039 1389 2104 ubi
1430 2040 1662 2105 dicitnr
1688 2040 1710 2076 ⁸
1741 2059 1759 2104 :

243 2167 274 2206 ι
303 2145 581 2228 Cumque
620 2148 903 2213 venisset
934 2148 1016 2211 ad
1060 2147 1284 2212 vineas
1307 2146 1544 2231 oppidi,
1577 2166 1763 2230 appa-

237 2253 368 2317 ruit
389 2253 443 2318 ei
465 2255 710 2320 mtulus
726 2254 930 2320 leonis
949 2275 967 2320 ε
987 2277 1019 2315 n
1046 2274 1243 2340 quem
1252 2255 1427 2336 vicit,
1451 2273 1524 2319 ac
1549 2259 1766 2338 postea

238 2364 299 2427 in
323 2381 431 2428 ore
446 2367 582 2447 ejus
605 2365 737 2430 mel
758 2365 1026 2430 invenit.
1056 2364 1179 2430 Mel
1206 2368 1302 2428 est
1328 2365 1594 2430 dulcedo
1620 2382 1768 2429 con-

239 2469 546 2535 solationis
574 2471 852 2556 Spiritus
878 2473 1080 2536 sancti
1107 2482 1130 2514 ⁴
1162 2491 1179 2536 ε
1220 2495 1252 2533 α
1269 2472 1546 2555 Spiritus
1582 2490 1767 2537 meus

241 2594 424 2660 super
436 2578 559 2643 mel
574 2579 805 2644 dulcis.
825 2599 858 2640 n
882 2578 1071 2644 Vides
1088 2597 1252 2662 ergo
1275 2579 1447 2663 quod
1461 2579 1588 2643 mel
1610 2598 1762 2661 gra-

242 2685 336 2750 tiae
361 2705 486 2750 non
529 2687 719 2751 datur
758 2687 884 2751 nisi
919 2690 1387 2771 pugnantibuS,
1432 2706 1642 2772 neque
1666 2688 1770 2754 de-

243 2792 448 2858 narius
472 2793 698 2875 gloriae
724 2794 851 2858 nisi
878 2793 1314 2860 laborantibus
1337 2796 1406 2859 in
1429 2795 1640 2862 vinea.

760 2972 1056 3043 SERMO
1110 2974 1230 3046 IV.

313 3116 484 3201 Affer
527 3116 798 3186 manum
853 3124 1077 3198 tuam,
1133 3124 1195 3185 et
1243 3119 1422 3186 mitte
1470 3120 1546 3185 in
1598 3120 1771 3188 latus

246 3239 433 3290 meum
455 3227 502 3289 ⁸.
532 3226 582 3290 Ο
607 3224 857 3291 Thoma
870 3274 894 3306 ‚
938 3226 1183 3290 felicem
1223 3226 1421 3290 habes
1447 3225 1769 3292 licentiam

247 3350 282 3395 a
303 3331 621 3400 Salvatore
647 3338 797 3415 tuo,
832 3338 907 3399 ut
931 3352 1197 3399 manum
1224 3335 1441 3398 mittas
1469 3336 1536 3399 in
1565 3335 1732 3400 latus
1750 3385 1769 3415 ,

249 3439 306 3504 in
330 3460 451 3525 quo
489 3444 662 3508 salus
700 3447 920 3508 nostra
965 3442 1253 3507 consistit
1291 3462 1308 3506 ε
1353 3442 1553 3526 hujus
1597 3443 1771 3509 enim

250 3546 444 3613 lateris
479 3545 787 3615 beneficio
823 3550 905 3615 ab
931 3550 1029 3613 ira
1057 3549 1409 3628 salvamur,
1449 3549 1517 3613 in
1562 3548 1776 3632 gratia

248 3672 724 3735 regeneramur,
761 3674 802 3720 a
838 3656 1026 3740 culpa
1068 3676 1408 3738 sanamur,
1455 3658 1521 3722 in
1564 3657 1775 3740 gloria

252 3762 684 3830 sublimamur.

322 3866 403 3933 De
426 3871 634 3952 primo
659 3876 683 3911 ⁸
715 3891 730 3934 :
774 3890 807 3930 α
844 3867 1090 3935 Ostium
1134 3889 1301 3936 arcae
1346 3890 1545 3955 pones
1571 3872 1640 3936 in
1673 3872 1774 3938 la-

253 3976 370 4037 tere
394 3974 726 4055 deorsum,
764 3997 796 4035 n
833 3977 900 4041 id
943 3981 1070 4057 est,
1119 4000 1150 4038 α
1194 3978 1428 4043 vulnus
1469 3978 1538 4042 in
1579 3980 1776 4045 latere

253 4073 487 4157 Christi,
514 4100 547 4139 n
587 4078 739 4143 dicit
781 4079 1223 4145 interlinearis.
1253 4081 1419 4146 Arca
1463 4083 1638 4147 enim
1681 4087 1779 4148 est

254 4182 542 4251 Christus.
575 4185 755 4251 Sicut
780 4186 953 4251 enim
993 4191 1150 4252 tunc
1188 4188 1433 4253 mundo
1469 4194 1776 4273 pereunte

255 4308 357 4372 per
403 4292 719 4359 diluvium
744 4342 764 4373 ,
813 4294 1034 4359 nullus
1072 4296 1342 4362 evadere
1395 4298 1600 4379 potuit
1653 4299 1776 4363 nisi

255 4396 315 4459 in
336 4417 510 4480 arca,
553 4401 645 4465 ita
687 4419 865 4466 nunc
905 4408 1177 4468 mortem
1217 4404 1586 4468 aeternalem
1626 4405 1773 4470 nul-

257 4500 346 4568 lus
366 4508 631 4573 evadere
682 4512 924 4592 potest,
971 4509 1098 4574 nisi
1139 4511 1209 4575 in
1255 4511 1504 4576 Christo
1543 4530 1659 4595 per
1698 4514 1778 4577 fl-

258 4607 386 4675 dem
412 4617 662 4679 maneat
685 4617 754 4679 et
790 4633 1076 4681 amorem
1111 4639 1127 4683 :
1161 4622 1225 4684 et
1268 4619 1433 4683 sicut
1455 4620 1526 4682 in
1565 4638 1779 4685 arcam

260 4733 375 4783 non
450 4722 660 4787 solum
731 4722 805 4806 (b)
875 4724 1211 4789 immunda
1273 4726 1573 4792 animalia
1648 4728 1777 4792 col-

259 4821 402 4889 lecta
425 4833 604 4910 sunt,
649 4830 743 4894 ita
788 4829 1074 4896 Christus
1111 4849 1248 4896 non·
1281 4833 1489 4898 solum
1528 4835 1736 4917 justos
1754 4882 1778 4914 ‚

262 4931 359 4995 sed
380 4935 561 4999 etiam
590 4940 951 5019 peccatores
986 4937 1232 5020 colligit
1268 4939 1291 4973 ⁷
1326 4960 1341 5004 :
1390 4962 1422 5000 α
1454 4938 1596 5005 Non
1631 4942 1781 5005 veni

264 5054 470 5105 vocare
496 5044 736 5124 justos,
783 5043 892 5108 sed
935 5049 1292 5126 peccatores
1329 5046 1409 5111 ad
1462 5044 1779 5131 poeniten-

267 5142 425 5212 tiam.
471 5171 502 5210 n
558 5150 633 5215 In
672 5169 889 5215 arcam
933 5157 1150 5218 autem
1193 5154 1415 5219 venire
1459 5173 1593 5221 non
1633 5174 1779 5240 pos-

325 5272 339 5301 ¹
363 5275 576 5328 Anselm.
604 5300 673 5315 -
703 5277 723 5307 ²
748 5276 955 5338 Hatita..
987 5289 1089 5343 xx,
1119 5281 1197 5329 ln.
1223 5303 1286 5316 —
1323 5280 1344 5319 ἃ
1366 5279 1550 5342 Judic„
1583 5293 1694 5347 x1v,
1730 5287 1780 5334 5.

274 5365 322 5376 -
340 5344 362 5379 ⁸
384 5345 557 5413 Eccli„
579 5358 727 5412 ηπ,
750 5350 831 5399 27.
855 5375 912 5386 —
941 5351 965 5387 ὓ
987 5351 1155 5413 Joan„
1181 5365 1268 5416 xx,
1297 5353 1379 5402 27.
1408 5379 1467 5390 —
1493 5354 1514 5385 ⁸
1536 5353 1680 5419 Gen„
1706 5365 1780 5419 vr,

272 5413 415 5492 ².⁶····
436 5418 460 5455 '¹
477 5420 613 5484 Luc„
648 5433 697 5485 v,
723 5423 802 5471 32.
830 5446 893 5458 —
919 5421 941 5457 ⁸
963 5423 1130 5484 loun„
1153 5434 1268 5487 xix,
1296 5426 1376 5475 34.
1401 5425 1504 5461 -θ
1529 5426 1602 5476 Ex
1627 5429 1781 5492 Aug„

275 5495 324 5531 m
345 5486 496 5554 loen„
520 5496 665 5542 tract.
698 5504 817 5555 cxx,
849 5505 904 5541 u.
933 5496 982 5542 2.
1010 5519 1074 5531 —
1108 5495 1151 5530 ¹⁰
1180 5494 1251 5547 ld.
1283 5496 1411 5537 -·¹¹
1441 5497 1563 5560 Isa„
1602 5508 1698 5559 Lx,
1728 5499 1777 5548 4.

1857 653 2076 702 semus
2096 685 2117 717 ,
2152 637 2276 702 nisi
2316 640 2553 704 ostium
2610 640 2894 706 haberet.
2948 641 3193 707 Ostium
3241 659 3404 723 ergo

1856 744 2043 809 nobis
2080 745 2389 812 Dominus
2426 746 2496 812 in
2536 767 2685 813 arca
2730 749 2901 829 fecit,
2940 750 3198 833 quando
3235 749 3406 814 latus

1857 871 2052 918 suum
2094 854 2402 937 perforari
2451 854 2653 919 voluit
2695 856 2719 891 ⁸
2767 877 2784 920 t
2838 879 2870 917 α
2904 855 3082 922 Unus
3122 854 3405 921 militum

1857 960 2080 1025 lancea
2107 960 2272 1025 latus
2299 963 2439 1043 ejus
2464 963 2832 1046 perforavit,
2864 985 2895 1023 n
2932 966 3050 1028 etc.
3080 963 3405 1044 Augusti-

1860 1086 1990 1132 nus
2015 1069 2038 1103 ⁹
2080 1068 2147 1131 in
2199 1067 2423 1133 Glossa
2469 1090 2485 1132 ε
2538 1092 2570 1131 α
2618 1069 2776 1134 Ecce
2818 1070 3056 1136 ostium
3104 1070 3172 1135 in
3211 1071 3408 1135 latere

1861 1193 2049 1255 arcae,
2083 1193 2213 1257 quo
2239 1175 2483 1241 intrant
2516 1177 2818 1242 animalia
2843 1194 2976 1242 non
3015 1179 3297 1261 peritura
3339 1178 3409 1242 in

1861 1282 2129 1349 diluvi0.
2159 1302 2192 1342 n
2229 1281 2474 1347 Gratias
2500 1301 2659 1366 ergo
2699 1302 2976 1366 agamus
3004 1285 3248 1351 Christo
3290 1304 3409 1369 pro

1861 1388 2081 1454 lateris
2115 1390 2217 1453 sui
2251 1390 2416 1455 ostio
2456 1413 2472 1454 :
2512 1391 2657 1456 licet
2694 1392 2871 1456 enim
2914 1397 3265 1476 angustum
3291 1393 3404 1474 sit,

1864 1501 2082 1561 tamen
2099 1495 2289 1560 multi
2313 1496 2552 1562 intrare
2579 1502 2868 1582 possunt.
2893 1499 3302 1581 Augustinus
3322 1504 3405 1566 ¹⁰:

1875 1626 1906 1666 α
1936 1604 2101 1681 Quid
2130 1600 2472 1688 angustius
2502 1606 2613 1672 illo
2651 1608 2995 1688 foramine,
3025 1610 3198 1693 quod
3240 1628 3412 1676 uuus

1868 1712 2150 1777 militum
2181 1713 2252 1776 in
2280 1713 2474 1779 latere
2502 1714 2751 1780 Domini
2778 1718 3071 1800 aperuit?
3108 1722 3172 1783 et
3198 1721 3413 1783 tamen

1867 1836 1982 1901 per
2007 1817 2151 1885 illas
2177 1826 2491 1902 angustas
2526 1824 2744 1905 portas
2777 1823 2910 1889 fere
2935 1827 3105 1889 totus
3131 1823 3414 1889 mundus

1868 1926 2159 1993 intravit.
2191 1948 2222 1988 n

1949 2034 2039 2099 De
2067 2036 2342 2101 secundo
2370 2037 2412 2074 ¹¹
2447 2059 2461 2101 ε
2505 2059 2536 2098 α
2562 2037 2742 2103 Filiae
2764 2042 2898 2104 tuae
2925 2039 3003 2105 de
3028 2038 3223 2105 latere
3263 2058 3413 2105 sur-

1869 2147 2048 2225 gent.
2079 2165 2110 2204 »
2146 2143 2325 2209 Filiae
2352 2144 2492 2210 istae
2519 2150 2669 2210 sunt
2707 2147 2942 2212 animae
2982 2148 3408 2229 credentium,

1870 2269 2020 2334 quae
2063 2252 2142 2317 de
2186 2252 2381 2318 latere
2426 2253 2654 2319 Christi
2710 2259 3036 2335 generatae
3092 2262 3370 2339 surgunt
3391 2305 3410 2337 ,

1871 2359 2028 2424 dum
2064 2377 2178 2443 per
2219 2360 2458 2426 vulnus
2494 2362 2710 2427 lateris
2749 2365 2891 2446 ejus
2931 2363 3013 2429 ad
3059 2365 3258 2429 vitam
3302 2384 3416 2431 ve·

1871 2466 2083 2531 niunt.
2147 2465 2451 2533 Mirabilis
2502 2474 2596 2534 est
2658 2471 2866 2536 virtus
2918 2470 3120 2555 hujus
3162 2473 3414 2552 lateris,

1873 2576 2046 2641 unde
2072 2594 2201 2641 non
2229 2575 2439 2641 solum
2464 2578 2637 2658 miae,
2667 2579 2775 2643 sed
2804 2579 3001 2643 etiam
3026 2598 3259 2662 sponsa
3277 2582 3415 2647 sor-

1875 2687 2110 2763 matur,
2141 2684 2378 2749 scilicet
2404 2684 2679 2751 Ecclesia
2696 2735 2718 2767 ,
2770 2687 2938 2751 sicut
2981 2687 3418 2769 significatum

1875 2796 1993 2871 est,
2023 2791 2138 2856 ubi
2173 2791 2253 2857 de
2287 2793 2661 2859 dormientis
2695 2794 2851 2860 Adae
2892 2799 3067 2860 costa
3106 2797 3422 2861 formatur

1877 2897 2031 2965 Eva.
2067 2900 2477 2981 Augustinus
2502 2902 2525 2937 ⁹
2556 2921 2573 2965 t
2611 2925 2643 2963 α
2669 2902 2914 2968 Dormit
2942 2902 3181 2984 Adam,
3214 2907 3287 2969 ut
3309 2905 3422 2968 flat

1876 3004 2011 3070 Eva
2036 3025 2054 3070 z
2080 3007 2353 3071 moritur
2372 3006 2679 3088 ChristuS,
2704 3013 2780 3073 ut
2799 3009 3152 3075 dormiente
3173 3010 3421 3077 Christo

1875 3113 1945 3176 in
1970 3131 2183 3193 cruce,
2214 3115 2327 3180 flat
2348 3113 2642 3180 Ecclesia.
2675 3115 2864 3181 Facta
2899 3121 2998 3182 est
3033 3098 3311 3184 Ecclesia
3343 3120 3423 3185 de

1875 3220 2120 3286 latere:
2152 3239 2526 3304 percussum
2550 3227 2646 3287 est
2681 3223 2855 3288 enim
2881 3223 3051 3289 latus
3092 3225 3424 3309 pendentis

1877 3346 1919 3392 a
1952 3327 2205 3409 lancea,
2232 3334 2296 3393 et
2321 3329 2652 3394 fluxerunt
2686 3335 3106 3395 sacramenta.
3147 3354 3179 3392 ω
3219 3331 3423 3413 Dilige

1878 3454 2060 3518 ergo,
2091 3437 2308 3501 anima
2330 3437 2706 3518 Christiana,
2750 3438 2943 3503 talem
2970 3457 3273 3522 sponsum
3293 3488 3310 3519 ,
3340 3457 3423 3503 ex

1879 3546 1979 3626 cuj
1991 3562 2065 3608 us
2085 3544 2283 3608 latere
2313 3545 2482 3610 inter
2509 3546 2800 3610 membra
2835 3545 3126 3612 Ecclesiae
3170 3565 3421 3632 proces-

1879 3651 2038 3714 sisti.
2070 3649 2213 3715 Noli
2258 3657 2513 3735 propter
2549 3652 2746 3718 vilem
2791 3655 3237 3719 carbonarium
3278 3655 3425 3718 talis

1879 3758 2092 3841 sponsi
2120 3759 2316 3823 fidem
2343 3759 2607 3840 violare,
2635 3760 2870 3826 diaboli
2898 3762 3295 3827 voluntatem
3326 3763 3425 3826 sa-

1882 3865 2126 3946 ciend0,
2141 3866 2257 3949 qui
2272 3867 2579 3932 carbones
2597 3867 2825 3932 inferni
2841 3868 3268 3933 ministrat.¹¹«
3286 3869 3427 3952 Ego

1884 3973 2096 4036 creavi
2123 3972 2377 4039 fabrum
2416 3974 2872 4039 sufflantemin
2898 3976 3057 4057 igne
3084 3994 3325 4058 prunas
3334 4025 3358 4057 ‚
3388 3999 3420 4037 n

1884 4082 2003 4145 etc.
2037 4078 2280 4145 Gratias
2310 4097 2583 4161 agamus
2626 4080 2870 4146 Christo
2915 4099 3034 4164 pro
3071 4082 3284 4146 lateris
3325 4082 3427 4146 sui

1882 4187 2214 4254 beneflciO.

1964 4300 2057 4362 De
2082 4299 2269 4364 tertio
2299 4300 2341 4335 ¹³
2373 4321 2387 4363 :
2429 4322 2461 4361 α
2486 4297 2647 4364 Ecce
2671 4317 2858 4383 aquae
2887 4300 3317 4366 redundantes
3345 4317 3427 4366 ex

1883 4404 2080 4470 latere
2105 4406 2352 4472 dextro,
2397 4427 2429 4467 n
2467 4405 2779 4490 Loquitur
2817 4407 2896 4472 de
2937 4406 3206 4488 templo,
3257 4406 3429 4490 quod

1885 4513 2210 4594 significat
2250 4532 2481 4596 corpus
2527 4512 2756 4578 Christi
2785 4512 2877 4578 ¹⁸:
2924 4535 2956 4574 α
2982 4511 3221 4578 Solvite
3261 4516 3428 4576 tem-

1886 4619 2068 4703 plum
2095 4620 2250 4700 hoc,
2294 4642 2325 4681 n
2357 4623 2475 4684 etc.
2526 4619 2769 4703 Corpus
2796 4621 2969 4686 enim
2996 4620 3222 4685 Christi
3252 4618 3430 4684 solu-

1887 4730 2028 4791 tum
2068 4727 2189 4791 fuit
2222 4728 2290 4791 in
2337 4732 2577 4807 morte,
2617 4728 2965 4793 excitatum
2998 4728 3067 4791 in
3108 4745 3429 4792 resurrec-

1888 4833 2062 4898 tione
2091 4852 2109 4898 ε
2140 4833 2219 4898 de
2244 4835 2345 4916 cuj
2356 4852 2432 4899 us
2465 4833 2664 4899 latere
2695 4835 2921 4899 dextro
2945 4851 3113 4917 aqua
3140 4833 3424 4899 saluber-

1887 4940 2056 5004 rima
2088 4941 2397 5022 profluxit
2420 4940 2444 4974 ⁸
2477 4961 2490 5003 ε
2529 4964 2561 5002 α
2603 4939 2921 5005 Continuo
2960 4940 3191 5018 exivit,
3236 4962 3267 5000 ι)
3303 4947 3422 5005 ctc.

1891 5049 2079 5131 Aqua
2090 5048 2261 5114 enim
2277 5048 2460 5114 valde
2479 5049 2770 5115 sanativa
2782 5051 2941 5127 erat,
2965 5065 3110 5130 quae
3131 5047 3210 5112 de
3232 5046 3428 5112 latere

1887 5155 2110 5239 templi
2138 5155 2359 5234 exivit,
2377 5155 2541 5219 sicut
2564 5153 2805 5236 legitur
2822 5152 3058 5218 ibidem
3072 5154 3150 5216 ²⁸:
3177 5175 3208 5215 α
3227 5154 3430 5218 Erunt

1889 5354 1952 5366 —
1977 5328 2021 5362 ¹¹
2047 5325 2167 5388 Im„
2193 5337 2299 5389 mv,
2325 5327 2402 5377 16.
2431 5350 2494 5364 -—
2520 5325 2565 5360 ¹⁸
2594 5325 2794 5391 Ezech„
2825 5336 2997 5390 nvn,
3020 5327 3072 5377 2.
3098 5352 3163 5365 -
3202 5325 3240 5363 ⁸⁸
3264 5326 3428 5399 Iona„

1893 5409 1951 5460 lt,
1978 5401 2053 5449 19.
2083 5424 2145 5436 —
2180 5398 2216 5429 ¹⁸
2243 5395 2443 5462 Ezeck„
2463 5408 2632 5461 xnvu,
2656 5400 2705 5447 9.

1958 5499 2027 5563 (a)
2058 5497 2181 5549 Caet.
2209 5496 2334 5547 edit.
2371 5497 2571 5562 quarta.
2596 5522 2656 5535 -—
2681 5495 2753 5561 (b)
2786 5496 2962 5562 Suppt.
2993 5498 3215 5565 munda,
3242 5499 3333 5551 sed
3362 5503 3431 5551 et.
