4059 6317
1447 395 1599 496 'na
1639 430 1705 496 s.
1751 430 2239 499 cA'mAmNA.

258 585 415 629 vum
438 566 573 628 vitae
587 567 606 603 ¹
636 584 651 626 ε
689 585 718 621 ι
740 563 910 624 Fides
933 562 1061 623 sine
1083 561 1365 639 operibus
1387 569 1622 625 mortua
1649 568 1752 626 est.
1772 588 1801 621 s

258 663 433 722 Unde
458 662 609 722 fides
632 676 759 721 non
799 658 1193 735 operantium,
1223 661 1310 717 est
1335 659 1483 718 sicut
1508 660 1659 718 fides
1686 661 1810 719 das-

259 773 560 817 monum:
608 754 720 830 ipsi
749 757 772 792 ²
805 773 837 810 α
866 753 1146 823 credunt,
1183 756 1240 810 et
1271 754 1746 812 contremiscunt.
1774 774 1804 809 n

257 851 431 909 Unde
459 853 517 908 et
537 849 714 908 beata
737 846 964 908 coecilia
989 845 1225 905 dicebat
1248 845 1328 903 ad
1358 863 1498 904 suos
1525 846 1548 883 ⁸
1579 865 1594 905 ε
1632 865 1661 900 α
1686 847 1810 919 Eia,

260 945 487 1005 milites
520 943 745 1014 Christi,
791 941 1025 1016 abjicite
1070 956 1256 1015 opera
1293 942 1711 1012 tenebrarum,
1757 946 1815 1001 et

261 1038 587 1101 induimini
613 1036 793 1097 armis
816 1037 889 1112 (α)
921 1035 1088 1106 luciS,
1110 1056 1139 1088 a
1172 1033 1237 1092 id
1264 1039 1369 1106 est,
1395 1038 1637 1110 peccata
1659 1035 1812 1109 abji-

264 1134 403 1206 cite,
433 1138 490 1192 et
513 1149 623 1208 per
640 1131 869 1190 donum
902 1128 1259 1206 poenitentiae
1293 1128 1533 1187 virtutes
1562 1127 1809 1188 induite.

341 1226 640 1298 Secundo,
670 1241 823 1299 opus
847 1223 1141 1282 habemus
1164 1239 1300 1282 cum
1341 1226 1545 1282 sancta
1579 1224 1811 1283 Caecilia

262 1322 478 1381 virtute
507 1320 829 1396 patientiae,
879 1318 1023 1393 quia
1063 1332 1187 1375 non
1224 1316 1503 1391 prodest,
1541 1317 1592 1375 si
1618 1316 1811 1393 poeni·

265 1417 513 1475 tentiam
535 1430 806 1489 agamus,
835 1411 947 1471 nisi
974 1411 1149 1470 malis
1175 1411 1621 1471 occurrentibus
1638 1411 1814 1469 resis-

262 1515 484 1570 tamus.
515 1508 667 1580 Quid
700 1506 861 1565 valet
905 1521 1144 1565 carnem
1185 1504 1472 1578 fraenare,
1510 1508 1569 1563 et
1597 1521 1813 1580 sugge-

262 1604 418 1663 renti
435 1602 682 1661 diabolo
696 1600 1026 1660 consentire
1042 1601 1072 1657 ἵ
1089 1598 1252 1657 Unde
1271 1598 1440 1673 virgo
1465 1598 1592 1657 haec
1611 1604 1815 1669 sancta

263 1699 498 1757 tantum
524 1695 634 1754 fuit
657 1692 955 1770 patientiae
997 1694 1209 1751 virtute
1252 1693 1488 1751 firmata
1504 1735 1526 1765 ,
1554 1692 1814 1753 utnulla

261 1794 659 1869 tyrannorum
685 1790 1104 1863 expavesceret
1140 1787 1326 1845 verba
1340 1828 1358 1858 ,
1388 1785 1557 1844 nulla
1581 1787 1816 1846 timeret

264 1887 582 1954 tormenta,
611 1885 678 1940 ut
722 1885 887 1956 patet
927 1881 992 1940 in
1039 1881 1167 1956 ejus
1201 1881 1476 1953 Legenda
1500 1877 1544 1938 ⁸.
1581 1880 1814 1939 Sciebat

263 1977 614 2054 Apostolum
642 1974 939 2052 scripsisse
966 1976 988 2011 ⁸
1022 1995 1037 2034 z
1073 1993 1104 2030 α
1132 1972 1556 2033 confortamini
1593 1974 1657 2032 in
1695 1978 1811 2033 Do-

266 2074 458 2143 min0,
484 2070 629 2131 etin
655 2069 921 2146 potentia
957 2070 1029 2146 (b)
1066 2068 1295 2128 virtutis
1322 2070 1473 2142 ejuS,
1502 2072 1562 2127 et
1586 2068 1814 2129 induite

264 2183 377 2225 vos
402 2168 764 2225 armaturam
809 2163 906 2223 Dei
920 2205 941 2236 ,
982 2166 1049 2223 ut
1089 2162 1321 2238 possitis
1349 2167 1501 2222 stare
1529 2162 1814 2223 adversus

266 2260 513 2320 insidias
557 2258 806 2318 diaboli.
835 2278 864 2314 n
898 2261 1047 2316 Vera
1076 2255 1178 2314 Dei
1211 2256 1394 2316 virtus
1432 2261 1489 2317 et
1514 2262 1815 2317 armatura

267 2359 355 2413 est
406 2353 539 2429 ipsa
579 2352 892 2427 patientia,
941 2366 1065 2426 qua
1100 2350 1304 2409 omnia
1331 2351 1686 2409 sustinemus
1713 2350 1815 2409 ad-

266 2464 458 2507 versa.
487 2448 625 2516 Quae
652 2461 920 2519 unquam
946 2444 1138 2519 galea,
1173 2443 1265 2503 vel
1293 2461 1428 2519 quse
1445 2444 1657 2516 lorica,
1680 2461 1813 2519 quae

265 2544 453 2613 scuta,
483 2544 1031 2615 quantumcumque
1064 2538 1274 2609 fortia,
1301 2541 1437 2596 sunt
1475 2554 1587 2597 nos
1617 2541 1813 2612 prote-

268 2636 486 2710 gentia,
515 2637 583 2692 ut
607 2632 931 2709 patientia?
959 2637 1122 2708 saepe
1154 2632 1440 2691 occiditur
1472 2631 1658 2690 homo
1698 2630 1810 2689 sub

268 2730 460 2804 galea,
493 2728 599 2787 sed
623 2743 935 2802 nunquam
972 2727 1086 2785 sub
1111 2727 1415 2802 patientia.
1459 2725 1623 2784 Prius
1651 2725 1813 2784 enim

265 2825 586 2899 potuerunt
610 2825 900 2896 martyres
926 2821 1081 2895 capi,
1109 2819 1460 2878 verberibus
1487 2819 1655 2892 caedi,
1685 2835 1812 2877 car-

266 2917 501 2976 ceribus
552 2914 881 2986 macerari,
935 2916 992 2973 et
1044 2917 1168 2972 toto
1214 2930 1463 2988 corpore
1514 2913 1807 2989 dissipari,

267 3027 452 3087 quam
480 3026 689 3068 eorum
720 3008 1003 3084 patientia
1040 3006 1349 3066 infirmari.
1379 3010 1525 3066 Nam
1555 3011 1612 3065 et
1638 3024 1808 3066 sanc-

265 3110 360 3163 tus
382 3104 484 3162 ille
513 3103 875 3177 Stephanus,
901 3102 1048 3160 dum
1089 3101 1395 3176 lapidibus
1429 3103 1806 3177 quateretur,

261 3198 329 3257 in
353 3200 581 3257 tantum
606 3196 957 3255 firmabatur
974 3238 995 3268 ,
1033 3196 1101 3253 ut
1125 3211 1236 3270 pro
1269 3194 1674 3271 lapidantibus
1700 3199 1810 3254 Do—

263 3291 497 3351 minum
538 3294 896 3366 precaretur.
949 3294 1093 3348 Vere
1130 3305 1273 3364 ergo
1311 3294 1512 3349 sancta
1559 3289 1807 3358 Caecilia,

265 3386 414 3445 dum
441 3386 518 3444 ab
546 3384 815 3445 hostibus
839 3386 1227 3460 premeretur,
1253 3388 1487 3459 poterat
1517 3383 1713 3443 dicere
1741 3384 1809 3442 il-

261 3480 373 3539 lud
399 3481 422 3516 ⁸
448 3497 464 3537 ε
495 3496 526 3533 α
550 3478 828 3550 Domine,
858 3477 1139 3550 Domine,
1168 3477 1352 3535 virtus
1393 3476 1598 3536 salutis
1635 3494 1804 3551 mese,

137 3644 146 3653 ι
263 3573 635 3633 obumbrasti
667 3587 847 3648 super
892 3575 1072 3646 caput
1095 3586 1300 3630 meum
1349 3571 1412 3629 in
1449 3570 1547 3630 die
1582 3570 1747 3630 belli.
1772 3591 1802 3627 n

261 3667 379 3726 Sed
405 3667 539 3743 quis
565 3669 652 3726 est
673 3665 856 3724 hodie
881 3665 996 3724 hac
1031 3664 1242 3724 virtute
1278 3666 1580 3723 armatus?
1606 3665 1804 3737 abjec-

259 3768 356 3821 tus
381 3764 469 3819 est
504 3758 690 3819 modo
718 3759 965 3834 clypeus
999 3756 1240 3817 fortium
1258 3800 1280 3830 ,
1320 3760 1387 3816 ut
1424 3757 1594 3817 nulla
1618 3757 1804 3817 virtus

260 3856 336 3917 sit
373 3855 453 3915 ad
489 3855 825 3931 agendum,
865 3856 924 3913 et
967 3852 1215 3912 omnino
1258 3851 1425 3912 nulla
1467 3852 1547 3911 ad
1582 3854 1806 3928 patien-

261 3949 544 4115 du‘ll'ssi-tio,
571 4058 710 4100 cum
733 4040 909 4100 beata
946 4039 1175 4099 Caecilia
1218 4040 1558 4114 indigemus
1594 4041 1802 4101 virtute

258 4136 581 4213 sapientiae,
610 4152 732 4211 qua
766 4134 830 4192 in
871 4133 1152 4194 omnibus
1190 4132 1553 4209 dirigamur,
1584 4135 1801 4196 docea-

257 4246 417 4301 mur,
448 4232 505 4288 et
531 4227 739 4289 Christi
765 4227 1140 4287 adversarios
1180 4228 1636 4289 confundamus·
1666 4233 1801 4290 flaec
1843 4245 1848 4251 ’

260 4323 422 4383 enim
445 4322 621 4398 virgo
671 4338 841 4382 saera
892 4322 1182 4397 sapientia
1222 4323 1376 4381 mira
1413 4322 1800 4398 resplenduit,

259 4416 552 4476 Christum
604 4416 736 4475 aliis
803 4414 1184 4491 praedicavit,
1235 4416 1606 4475 adversarios
1659 4416 1801 4476 fidei

260 4510 605 4585 confutavit,
632 4510 854 4569 multos
899 4510 979 4570 ad
1016 4509 1203 4568 fidem
1247 4510 1571 4583 convertit,
1612 4510 1692 4570 ita
1736 4517 1803 4572 ut

259 4606 528 4665 tradatur
554 4620 592 4664 a
629 4603 861 4678 multis,
893 4604 1058 4680 quod
1085 4603 1235 4663 sicut
1257 4604 1467 4662 habuit
1493 4605 1801 4664 aureolam

258 4703 644 4779 virginitatis,
680 4708 739 4763 et
776 4701 1078 4762 effusionis
1117 4701 1454 4776 sanguinis,
1482 4702 1566 4760 sic
1590 4702 1802 4762 habuit

260 4803 319 4859 et
343 4798 795 4875 praedicationis.
823 4802 1029 4858 Nonne
1067 4797 1197 4873 ipsa
1229 4797 1430 4856 virum
1474 4798 1802 4857 convertit?

261 4895 468 4952 Nonne
521 4895 843 4967 cognatum
894 4908 1071 4951 suum
1120 4889 1449 4950 rationibus
1494 4891 1695 4949 multis
1722 4892 1801 4950 ad

260 4986 448 5046 fidem
490 4986 662 5046 duxit
678 4988 744 5045 ’ἵ
770 4989 851 5045 De
875 4986 990 5045 hac
1014 4985 1224 5045 virtute
1261 4983 1497 5043 dicebat
1521 4985 1802 5044 Dominus

327 5155 343 5190 1
378 5155 506 5219 Iac„
539 5168 603 5222 11,
639 5158 716 5208 14.
743 5183 807 5199 --
838 5157 856 5187 ²
883 5156 1033 5220 thid„
1064 5159 1144 5209 19.
1168 5183 1231 5194 —
1256 5155 1278 5192 ⁸
1306 5157 1365 5206 ln
1391 5155 1507 5206 fest.
1528 5156 1582 5208 S.
1610 5156 1801 5222 Coecil.,

264 5225 461 5292 antiph.
481 5229 547 5280 ad
564 5229 951 5282 maiatum-
975 5228 999 5266 ⁸
1028 5228 1224 5292 Sarius,
1252 5227 1336 5279 ubi
1360 5242 1541 5294 sup.-
1561 5228 1581 5264 ⁸
1599 5229 1802 5294 Ephoe„

264 5310 348 5363 v1,
388 5304 467 5353 10.
501 5324 563 5337 —
599 5300 622 5337 ⁰
652 5300 791 5353 Psal-
828 5312 1051 5365 cmtx,
1077 5303 1126 5351 8.
1155 5325 1215 5337 —
1252 5301 1270 5331 ⁷
1298 5298 1475 5353 surius
1511 5303 1563 5352 et
1588 5301 1800 5367 Vorag..

265 5369 356 5423 ubi
398 5385 512 5437 sup.
560 5397 622 5411 —
664 5370 688 5407 ⁸
723 5372 862 5435 Luc„
905 5383 1049 5435 xxiv,
1091 5373 1169 5423 ⁴9.
1212 5397 1273 5410 -
1317 5371 1336 5402 ⁹
1380 5371 1513 5435 Act„
1553 5382 1601 5435 1,
1642 5374 1691 5422 8.
1738 5398 1802 5411 -

3337 432 3451 499 631

1914 567 2209 643 Apostolis
2232 567 2293 626 ⁸:
2324 585 2354 624 α
2382 567 2597 635 ‚Sedete
2636 569 2700 626 in
2741 564 3004 641 civitate,
3031 568 3224 628 donec
3249 567 3459 628 indua-

1915 662 2059 719 mini
2086 662 2293 720 virtute
2322 679 2396 721 ex
2424 662 2564 720 alto.
2596 683 2625 718 ν
2661 664 2793 720 Haec
2816 662 2975 720 enim
2995 662 3183 720 virtus
3204 662 3461 738 desuper

1917 752 2056 813 data
2081 755 2190 814 fuit
2217 757 2294 814 ad
2321 756 2815 828 illuminandum,
2847 755 2926 813 ad
2963 756 3354 831 loquendum,
3379 756 3460 814 ad

1918 848 2278 922 docendum,
2300 850 2376 908 ad
2399 849 2850 907 testificandum.
2878 850 3041 907 Unde
3056 850 3276 907 dictum
3292 853 3381 908 est
3397 853 3421 888 ⁹
3439 869 3456 909 z

1925 964 1952 995 ι(
1997 944 2302 1018 Accipietis
2355 944 2624 1002 virtutem
2691 942 3159 1018 supervenientis
3213 944 3459 1018 Spiritus

1916 1037 2101 1095 sancti
2125 1037 2183 1094 in
2210 1054 2340 1110 voe,
2378 1042 2436 1097 et
2482 1038 2639 1095 eritis
2685 1037 2831 1094 mihi
2859 1039 3051 1095 testes,
3080 1056 3111 1092 ιο
3149 1038 3329 1111 Unde,
3379 1037 3460 1097 ad

1899 1131 2277 1205 ,signandum
2301 1132 2433 1205 ista,
2462 1132 2526 1189 in
2552 1132 2772 1206 linguis
2800 1131 2988 1206 igneis
3012 1132 3256 1207 Spiritus
3283 1149 3458 1191 sanc-

1915 1227 2010 1283 tus
2038 1226 2348 1300 apparuit,
2378 1225 2522 1300 quia
2551 1226 2756 1283 divina
2790 1225 3079 1302 sapientia
3111 1226 3369 1284 maxime
3396 1224 3460 1284 in

1915 1319 2132 1394 linguis
2184 1336 2246 1378 se
2299 1319 2649 1378 manifestat.
2698 1320 2861 1378 Unde
2907 1320 3188 1379 Dominus
3224 1321 3460 1379 dicebat

1915 1412 2209 1488 Apostolis
2237 1415 2281 1450 ¹⁰
2311 1432 2327 1471 ε
2366 1432 2394 1468 <t
2438 1417 2561 1487 Ego
2603 1414 2765 1473 dabo
2812 1415 2986 1472 vobis
3020 1430 3089 1472 os
3127 1418 3186 1474 et
3229 1416 3460 1490 sapien-

1916 1507 2082 1578 tiam,
2112 1505 2206 1564 cui
2232 1523 2356 1564 non
2380 1510 2655 1582 poterunt
2691 1507 2957 1567 resistere
3002 1523 3210 1567 omnes
3248 1507 3460 1567 adver-

1917 1600 2056 1659 sarii
2080 1600 2277 1659 vestri.
2309 1622 2339 1657 »
2373 1601 2488 1659 Sed
2513 1601 2695 1659 hodie
2733 1617 2856 1661 non
2883 1606 2970 1659 est
2993 1602 3307 1677 sapientia,
3334 1617 3463 1660 non

1919 1694 2125 1753 divina
2150 1693 2423 1766 scientia3
2465 1694 2577 1779 sed
2608 1698 2818 1769 regnat
2856 1695 3137 1770 quaedam
3171 1694 3463 1770 grifonica

1918 1792 1976 1848 et
2018 1787 2313 1847 malitiosa
2349 1789 2596 1860 astutia,
2651 1788 2732 1847 ad
2773 1789 3114 1863 proximum
3156 1788 3462 1849 involven-

1919 1882 2067 1941 dum
2085 1926 2105 1956 ‚
2149 1882 2230 1940 ad
2273 1881 2625 1955 fallendum,
2654 1884 2713 1940 et
2746 1881 2827 1940 ad
2856 1881 3344 1942 confundendum
3370 1882 3412 1918 ¹¹
3441 1902 3457 1941 ε

1924 1976 2280 2052 «Sapientes
2314 1980 2451 2035 sunt
2488 1980 2556 2034 ut
2592 1975 2810 2035 faciant
2852 1975 3012 2034 mala
3020 1996 3041 2051 ς
3070 1977 3224 2036 bene
3266 1981 3463 2036 autem

1916 2069 2110 2130 facere
2138 2072 2490 2130 nescierunt.
2520 2089 2551 2125 »

1989 2167 2206 2235 Quarto
2227 2207 2247 2238 ,
2294 2163 2631 2237 indigemus
2675 2180 2812 2223 cum
2857 2165 3032 2224 beata
3074 2165 3304 2224 Caecilia
3341 2165 3461 2224 vir-

1917 2260 2038 2319 tute
2064 2258 2513 2334 perseverantiae
2532 2300 2551 2329 ,
2589 2262 2653 2318 ut
2688 2258 2751 2316 in
2778 2259 2943 2318 bono
2964 2302 2981 2332 ,
3027 2260 3194 2335 quod
3222 2261 3463 2334 incoepi·

1917 2371 2074 2423 muS,
2101 2369 2225 2412 non
2255 2353 2621 2411 deficiamus,
2666 2352 2819 2424 Quid
2858 2355 3017 2412 enim
3051 2355 3210 2413 valet
3236 2354 3463 2429 optima

1916 2448 2306 2508 fundamenta
2332 2464 2701 2524 supponere,
2732 2449 2983 2523 parietes
3028 2448 3179 2506 altos
3214 2449 3459 2521 erigere,

1919 2543 2026 2603 sed
2053 2548 2269 2603 tectum
2293 2559 2417 2601 non
2454 2541 2673 2600 addere
2693 2543 2723 2599 ἲ
2749 2545 2966 2600 Verum
3001 2546 3205 2600 sancta
3235 2540 3462 2600 Caecilia

1917 2638 2183 2708 bonum,
2233 2637 2401 2712 quod
2440 2636 2718 2711 incoepit,
2750 2652 2942 2710 usque
2982 2636 3061 2694 ad
3102 2634 3287 2693 finem
3323 2650 3459 2710 per-

1919 2732 2106 2806 duxit,
2138 2734 2196 2790 et
2217 2732 2443 2805 optima
2469 2734 2659 2788 morte
2689 2729 2996 2799 conclusit,
3016 2728 3166 2786 sicut
3186 2728 3461 2802 Legenda

1919 2824 2191 2884 ostendit.
2227 2827 2357 2882 Non
2406 2823 2566 2882 enim
2612 2840 2724 2899 pro
2772 2822 2995 2882 Christo
3042 2821 3198 2880 mori
3244 2821 3456 2895 timuit,

1917 2919 2141 2996 quoede
2153 2934 2225 2976 eo
2254 2917 2607 2993 prophetam
2634 2916 2928 2974 dicentem
2954 2914 3183 2974 audivit
3201 2916 3278 2972 ¹²:
3302 2937 3329 2968 «
3347 2914 3459 2985 Qui

1919 3014 2024 3073 dat
2046 3013 2203 3071 lasso
2228 3012 2526 3082 virtutem,
2563 3015 2619 3068 et
2654 3010 2777 3082 his,
2822 3008 2927 3084 qui
2954 3025 3078 3067 non
3102 3011 3267 3081 sunt,
3292 3007 3458 3067 forti·-

1917 3107 2188 3167 tudinem
2215 3108 2272 3163 et
2294 3100 2481 3163 robur
2492 3103 2864 3179 multiplicat.
2890 3126 2916 3155 n
2941 3103 3078 3173 Quis
3097 3102 3257 3161 enim
3273 3102 3456 3176 timet,

1918 3202 2022 3278 qui
2049 3201 2231 3259 talem
2260 3199 2669 3258 auxiliatorem
2700 3197 2929 3256 habet?
2971 3197 3132 3255 Unde
3169 3198 3458 3271 Propheta

1917 3296 2061 3355 dicit
2076 3294 2153 3353 ¹⁸:
2189 3314 2218 3348 κ
2235 3297 2362 3352 Non
2387 3291 2645 3369 privabit
2670 3290 2845 3350 bonis
2872 3307 2999 3361 eoS,
3017 3291 3122 3365 qui
3148 3289 3458 3348 ambulant

1916 3391 1981 3449 in
2005 3388 2344 3448 innocentia
2369 3405 2383 3445 ε
2408 3387 2653 3445 Domine
2679 3385 2984 3458 virtutum,
3011 3384 3221 3443 beatus
3245 3384 3451 3456 homo,

1916 3484 2022 3560 qui
2050 3485 2247 3559 sperat
2268 3482 2331 3539 in
2360 3484 2484 3539 te.»

2312 3678 2413 3754 DE
2459 3676 2524 3753 S.
2575 3674 3046 3751 GATHARINA.

2543 3829 2824 3891 SERMO.

1984 3958 2180 4014 Pennoe
2207 3952 2457 4011 columbae
2485 3949 2868 4022 dearqentatoe,
2897 3953 2947 4007 et
2966 3952 3272 4022 posteriora
3300 3949 3452 4031 dorsi

1911 4048 2023 4123 ejus
2051 4053 2111 4107 in
2126 4049 2341 4122 pallore
2367 4048 2496 4102 auri
2512 4044 2573 4100 ¹⁸.
2594 4042 2888 4113 Quoniam
2912 4042 3135 4117 duplex
3164 4046 3249 4100 est
3270 4047 3453 4101 status

1902 4142 2169 4218 justitiae,
2207 4138 2454 4215 quidam
2479 4135 2969 4213 peregrinationis
3006 4136 3071 4193 in
3108 4151 3312 4210 pugna
3344 4151 3453 4210 per

1910 4235 2255 4296 exercitium
2282 4231 2607 4303 charitatiS,
2636 4229 2885 4305 quidam
2915 4229 3208 4288 fruitionis
3234 4229 3297 4286 in
3320 4229 3450 4304 glo-

1907 4333 1998 4392 ria
2023 4346 2133 4406 per
2168 4324 2530 4386 desiderium
2566 4322 2861 4396 veritatis3
2907 4321 3047 4381 ideo
3094 4323 3173 4381 ab
3201 4322 3312 4382 isto
3343 4323 3452 4381 du-

1909 4425 2052 4502 plici
2078 4427 2229 4482 statu
2257 4421 2449 4495 potest
2471 4417 2812 4476 beatissima
2838 4416 3152 4475 catharina
3188 4432 3313 4474 non
3338 4416 3446 4476 im-

1907 4518 2119 4578 merito
2166 4510 2574 4574 commendari
2621 4529 2636 4569 ε
2678 4510 2875 4586 primo
2904 4525 2942 4567 a
2968 4509 3226 4568 claritate
3261 4509 3451 4569 nomi-

1909 4614 2026 4685 niS,
2054 4610 2196 4686 quia
2221 4606 2441 4667 nobilis
2477 4605 2674 4681 primo
2721 4602 3085 4662 rectitudinis
3131 4604 3446 4677 evidentia,

1911 4723 2052 4766 cum
2078 4704 2222 4763 dicit
2248 4722 2262 4760 :
2294 4705 2486 4759 Pennoe
2529 4700 2776 4757 columboe
2824 4699 3219 4769 dearqentatae,
3249 4696 3312 4754 id
3340 4698 3445 4770 est,

1911 4799 2128 4859 divinis
2155 4794 2409 4871 eloquiis
2435 4792 2696 4852 eruditae.
2727 4790 2940 4850 Habuit
2971 4790 3130 4848 enim
3158 4790 3219 4847 in
3247 4791 3449 4849 sancta

1911 4891 2357 4954 conversatione
2399 4885 2809 4947 rectitudinem
2828 4884 3088 4958 justitias,
3128 4882 3448 4957 pulchritu-

1912 4988 2116 5048 dinem
2179 4983 2498 5060 sapientioe,
2535 4985 2594 5039 et
2645 4978 3024 5037 dulcedinem
3074 4977 3445 5053 eloquentioe.

1912 5142 1955 5179 ¹⁰
1996 5140 2132 5203 Luc„
2171 5149 2292 5203 xxi,
2332 5138 2410 5186 15.
2438 5158 2489 5168 --
2525 5134 2565 5168 ¹¹
2600 5131 2806 5192 levent„
2830 5140 2903 5195 nr,
2930 5132 3011 5180 22.
3037 5156 3101 5168 —
3131 5131 3168 5165 ¹¹
3206 5132 3327 5195 Ira„
3359 5144 3445 5198 η,

1914 5215 1991 5265 29.
2022 5238 2083 5250 -
2116 5210 2158 5246 ¹⁸
2184 5209 2323 5261 Psal.
2349 5216 2576 5269 uum,
2592 5205 2672 5254 13.
2703 5228 2760 5241 --
2796 5202 2836 5237 ¹⁴
2860 5200 3192 5265 Psalanxvn,
3216 5205 3297 5254 14.

1914 5299 2184 5425 ueffgaoff.
2212 5300 2267 5356 S.
2299 5299 2426 5352 Goec.
2458 5293 2652 5348 induite
2677 5305 2836 5344 arma.
2867 5316 2927 5330 -
2959 5290 3024 5357 (b)
3058 5292 3183 5344 Coet.
3209 5291 3333 5349 edit.
3360 5308 3449 5362 pa.
