4059 6317
928 536 1303 603 DOMINICA
1342 534 1398 600 V
1439 533 1639 601 POST
1679 527 2207 601 EPIPHANIAM.
2258 533 2522 604 SERMO
2564 536 2612 602 1.

185 671 452 738 videlicet
476 671 558 736 ab
582 672 835 737 oriente
859 671 1126 738 fideliter
1150 670 1617 755 incipientium,
1645 675 1710 735 et

184 781 252 845 ab
274 779 590 845 occidente
613 780 898 845 finaliter
935 780 1382 857 morientium,
1423 797 1463 843 a
1509 777 1707 843 meri-

183 886 268 951 die
298 888 618 951 ferventer
651 887 1034 965 amantium,
1075 885 1156 950 ab
1197 885 1495 970 aquilone
1539 876 1711 949 mala

181 1011 372 1076 poenae
413 993 692 1058 viriliter
730 994 1181 1059 sustinentium
1231 1014 1249 1057 t
1297 996 1372 1057 nt
1412 992 1502 1056 sic
1545 990 1709 1056 nulli

181 1093 462 1166 existenti
505 1102 574 1166 in
629 1101 845 1186 aliqua
905 1102 1305 1166 extremitate
1353 1106 1543 1165 terrae
1597 1099 1709 1164 illa

181 1226 322 1274 vera
344 1208 522 1273 salus
548 1210 798 1274 ratione
823 1227 961 1275 suae
989 1208 1387 1274 sufficientiae
1430 1207 1705 1272 deficiat.

183 1314 402 1395 Tertio,
434 1315 746 1381 Dominus
771 1316 1210 1381 inenarrabilis
1244 1315 1599 1380 clementiae
1639 1314 1708 1377 in

179 1423 483 1505 parcendo
526 1423 735 1489 salvat
774 1442 893 1488 nos
924 1442 966 1488 a
1018 1423 1380 1506 poenalitate
1430 1421 1704 1486 miseriae

179 1529 341 1611 oppri
349 1530 608 1608 menti&
633 1547 749 1613 per
764 1530 1317 1595 concomitantiam
1333 1528 1555 1593 salutis
1570 1528 1707 1594 dul-

178 1637 439 1701 corantis
457 1636 820 1702 affectivam
840 1638 1067 1716 ;unde,
1089 1636 1178 1703 ad
1193 1635 1631 1719 Philippenses
1648 1637 1666 1672 ¹
1686 1658 1702 1701 z

182 1767 210 1803 κ
235 1742 630 1810 Salvatorem
660 1749 1070 1828 expectamus
1108 1744 1450 1809 Dominum
1489 1744 1709 1810 «lesum

178 1850 508 1929 Christum,
537 1852 654 1935 qui
681 1852 1048 1916 reformabit
1074 1869 1303 1934 corpus
1329 1851 1710 1916 humilitatis

178 1961 397 2023 nostrae
420 1959 908 2040 configuratum
926 1958 1171 2041 corpori
1186 1958 1485 2023 claritatis
1505 1976 1700 2024 suae.»

180 2065 239 2129 Si
263 2067 660 2148 configurari
689 2065 989 2130 volumus
1023 2083 1255 2148 corpus
1301 2070 1596 2132 nostrum
1636 2067 1707 2131 in

178 2173 438 2238 adventu
455 2173 685 2255 judicii
707 2172 961 2255 corpori
986 2172 1285 2236 claritatis
1312 2171 1565 2253 Christi,
1596 2173 1707 2238 de-

180 2281 386 2347 bemus
412 2282 498 2346 ad
527 2280 826 2365 exempla
868 2280 1147 2364 corporis
1181 2283 1345 2362 ejus,
1392 2280 1568 2363 quod
1592 2282 1712 2348 fuit

180 2392 448 2456 attritum
468 2391 740 2474 jejuniis
761 2393 827 2455 et
853 2389 1244 2454 abstinentiis
1261 2389 1329 2453 in
1345 2390 1706 2470 tormentis,

181 2501 235 2561 et
273 2500 630 2581 projectum
677 2497 746 2562 in
787 2500 960 2562 terra
1010 2516 1157 2562 cum
1201 2498 1585 2564 verecundia
1628 2499 1709 2564 ad

182 2605 421 2668 modum
443 2606 760 2669 frumenti
790 2627 805 2668 z
838 2604 928 2668 sic
946 2622 1178 2687 corpus
1206 2608 1499 2669 nostrum
1521 2603 1705 2670 debet

181 2709 423 2794 deprimi
445 2711 742 2795 jejuniis,
773 2716 837 2776 et
865 2711 1191 2777 humiliari
1227 2712 1703 2792 afflictionibus,

183 2818 313 2899 quia
333 2824 509 2884 tanto
530 2805 768 2902 corpus
797 2821 898 2901 cuj
909 2819 1136 2883 uslibet
1162 2820 1282 2884 erit
1301 2819 1550 2902 corpori
1579 2819 1707 2884 cla-

184 2924 367 2989 ritatis
385 2925 624 2990 Christi
651 2925 1144 3006 configuratius,
1168 2928 1408 3012 quanto
1426 2944 1546 3010 pro
1566 2929 1711 3009 eJus

187 3031 418 3096 nomine
448 3033 650 3098 fuerit
673 3031 1006 3097 humilius.
1041 3031 1396 3114 Rogamus,
1427 3040 1546 3098 etc.

311 3263 687 3339 DOMINIGA
730 3265 785 3339 V
828 3261 1015 3341 POST
1057 3265 1559 3343 EPIPHANIAM.

569 3433 862 3505 SERMO
905 3433 1232 3506 PRIMUS
1260 3438 1305 3505 ¹.

245 3569 465 3636 Simile
499 3576 598 3636 est
621 3585 892 3652 reanum
935 3569 1234 3637 coelorum
1269 3570 1517 3638 homini
1533 3620 1551 3651 ,
1597 3573 1718 3654 qui

185 3676 522 3744 seminavit
550 3676 779 3744 bonum
795 3692 1001 3743 semen
1029 3679 1105 3744 in
1142 3694 1296 3761 aare
1323 3693 1438 3745 suo
1459 3683 1506 3742 ³.
1537 3677 1717 3756 Quo-

185 3782 374 3864 niam,
402 3784 769 3849 secnndum
813 3785 1071 3849 beatum
1115 3783 1491 3867 Dionysium
1522 3786 1570 3865 ⁸,
1587 3787 1717 3850 im-

185 3891 462 3971 possibile
517 3895 618 3955 oet
669 3890 853 3955 nobis
905 3891 1088 3955 aliter
1137 3891 1351 3956 lucere
1418 3892 1717 3958 divinum

187 3996 440 4079 radium,
472 3997 603 4062 nisi
636 3997 936 4062 varietate
961 4016 1291 4065 sacrorum
1318 3999 1713 4066 velaminum

186 4103 702 4170 circumvelatum
720 4127 737 4183 ;
793 4104 964 4169 binc*
1012 4109 1105 4170 est
1170 4107 1339 4188 quod
1404 4106 1716 4172 Dominus

185 4213 380 4275 noster
422 4212 616 4278 Jesus
664 4210 950 4276 Christus
990 4212 1194 4276 sciens
1216 4261 1236 4292 ,
1288 4214 1460 4295 quod
1506 4216 1717 4296 magis

186 4323 330 4382 esset
361 4318 720 4402 expediens
753 4318 1106 4383 caecutienti
1158 4320 1386 4400 generi
1427 4320 1717 4388 humano

186 4424 510 4491 mirificum
558 4443 726 4507 opus
752 4426 1085 4489 creationis
1110 4475 1130 4507 ‚
1161 4426 1435 4510 explicat
1462 4429 1622 4495 illud
1650 4432 1732 4495 in‘

185 4533 360 4598 verbo
388 4532 718 4616 proposito
741 4531 862 4596 sub
890 4533 1486 4599 convenientissima
1520 4543 1716 4602 meta-

185 4637 370 4719 phora
394 4639 684 4704 hominis
723 4640 1098 4704 seminantis
1128 4642 1376 4706 bonum
1403 4661 1620 4709 semen
1649 4646 1716 4709 in

188 4762 329 4826 agro
367 4765 524 4827 suo,
556 4746 809 4811 dicens:
852 4746 1072 4814 Simile
1109 4754 1202 4816 est
1234 4766 1497 4833 reanum
1532 4753 1716 4819 σωζο-

188 4866 337 4932 nnn,
358 4859 480 4918 etc.
503 4853 688 4918 Tunc
712 4854 883 4918 enim
903 4854 1210 4922 Dominus
1235 4859 1478 4923 bonum
1497 4878 1719 4924 semen

191 4961 513 5026 seminavit
540 4960 606 5024 in
635 4978 802 5042 agro
836 4979 975 5040 su0,
1005 4964 1260 5046 quando
1286 4964 1354 5029 in
1382 4984 1544 5049 agro
1573 4987 1717 5032 ma-

196 5064 386 5132 chinae
415 5067 805 5133 mundialis·
837 5091 869 5131 α
890 5069 1034 5134 fecit
1059 5071 1383 5136 hominem
1425 5075 1506 5138 ad
1550 5074 1719 5139 ima-

197 5171 404 5252 ginem
451 5179 518 5240 et
571 5174 1050 5241 similitudinem
1103 5195 1309 5243 suam.
1330 5201 1362 5240 υ
1415 5179 1548 5246 Sub
1596 5182 1719 5248 hac

193 5282 557 5364 metaphora
614 5282 1009 5348 nobilissima
1059 5286 1441 5368 exprimitur
1483 5290 1719 5355 creatio

253 5444 267 5471 ¹
309 5441 508 5508 Pmaep„
557 5453 647 5508 m,
689 5447 854 5496 20-21.
901 5469 963 5483 —
1003 5446 1027 5480 ¹
1065 5448 1210 5499 Hunc
1245 5461 1352 5500 non
1396 5449 1554 5501 babet
1591 5449 1717 5504 edit.

198 5511 344 5563 Paris.
388 5519 641 5568 an.1521.
679 5542 745 5555 —
786 5517 810 5553 ⁸
854 5517 1056 5582 nauh„
1100 5532 1229 5584 1111,
1272 5523 1351 5572 24.
1391 5547 1452 5560 -
1498 5521 1520 5557 ὅ
1562 5521 1715 5575 Dion.

3242 549 3355 612 107

1819 670 2118 750 hominis,
2138 674 2453 755 quantum
2466 673 2543 738 ad
2564 673 2950 758 principium
2967 678 3353 758 effectivum,

1817 779 1888 844 in
1915 780 2286 863 metaphora
2317 781 2597 847 hominis
2620 805 2637 861 ;
2660 789 2975 867 quantum
3002 787 3082 851 ad
3104 789 3357 870 subjec-

1815 892 1959 952 tum
1986 887 2380 970 receptivum
2398 937 2416 967 ‚
2448 889 2514 952 in
2543 892 2689 971 agri
2715 892 2995 957 nominis
3027 895 3356 976 significa-

1817 993 2017 1074 tione;
2050 998 2114 1059 et
2147 1001 2463 1079 quantum
2501 996 2583 1062 ad
2628 1002 2840 1063 actum
2877 1000 3349 1079 intermedium,

1815 1106 1886 1165 in
1932 1101 2083 1166 boni
2131 1103 2391 1167 seminis
2411 1104 2776 1186 jactatione.
2807 1106 3024 1171 Primo
3050 1127 3211 1191 ergo
3251 1128 3358 1175 ex-

1817 1208 2115 1290 primitur
2147 1210 2380 1275 creatio
2408 1210 2688 1276 hominis
2711 1217 3026 1296 quantum
3067 1216 3147 1280 ad
3175 1218 3356 1299 prin-

1816 1314 2055 1397 cipium
2103 1315 2469 1383 effectivum
2487 1367 2505 1398 ,
2548 1337 2697 1383 cum
2745 1320 2931 1385 dicit:
2993 1322 3215 1390 Simile
3262 1331 3357 1391 est

1814 1437 2077 1504 remum
2102 1423 2388 1490 calorum
2414 1425 2665 1493 homini
2693 1429 2776 1507 (α)
2797 1448 2819 1488 .·
2846 1427 3041 1493 homo
3069 1430 3198 1507 ille,
3232 1448 3358 1494 me-

1815 1528 2137 1610 taphorice
2162 1531 2481 1614 loquendo
2503 1581 2520 1609 ‚
2554 1532 2722 1597 Deus
2768 1538 2884 1598 est.
2916 1534 3211 1602 Secundo
3237 1555 3351 1602 ex-

1813 1630 2115 1713 primitur
2154 1634 2389 1699 creatio
2433 1634 2715 1700 hominis
2740 1642 3059 1720 quantum
3086 1640 3164 1703 ad
3198 1641 3357 1704 sub-

1805 1740 2052 1819 jectum
2095 1742 2519 1823 receptivum,
2559 1761 2707 1807 cum
2751 1744 3011 1810 subdit:
3071 1748 3148 1812 in
3198 1762 3354 1829 aare

1813 1858 1950 1910 suo.
2009 1845 2185 1927 Ager
2244 1848 2415 1912 enim
2477 1853 2573 1914 est
2632 1852 2924 1916 machina
2986 1853 3350 1919 mundialis·

1813 1950 2027 2016 Tertio
2055 1955 2436 2036 exprimitur
2460 1957 2691 2022 creatio
2715 1957 2997 2022 hominis
3035 1963 3357 2042 quantum

1816 2059 1896 2123 ad
1943 2063 2157 2124 actum
2196 2061 2645 2128 intermedium
2668 2112 2685 2141 ‚
2716 2083 2866 2129 cum
2912 2065 3354 2131 subinfertur:

1815 2167 2188 2237 Seminavit
2232 2170 2460 2237 bonum
2502 2188 2710 2239 semen
2732 2222 2748 2253 ,
2790 2174 3098 2257 quoniam
3141 2175 3355 2240 homi-

1816 2295 1967 2342 nem
1994 2278 2236 2344 creavit
2259 2279 2342 2344 ad
2378 2279 2728 2361 imaginem
2770 2287 2834 2346 et
2871 2282 3357 2349 similitudinem

1815 2401 2021 2447 suam.
2074 2384 2233 2450 Dicit
2260 2403 2456 2468 ergo:
2491 2387 2712 2455 Simile
2739 2396 2835 2457 est
2862 2406 3129 2473 reputem
3173 2392 3354 2459 σωζο-

1815 2505 1959 2557 rum
1977 2511 2003 2554 .·
2034 2492 2141 2557 ubi
2172 2494 2552 2576 exprimitur
2577 2498 2811 2560 creatio
2828 2496 3129 2577 hominiS,
3158 2517 3361 2582 quan-

1815 2602 1956 2663 tum
1975 2599 2055 2663 ad
2079 2600 2461 2683 principium
2487 2603 2874 2684 effectivum,
2893 2606 2961 2670 in
2987 2605 3360 2690 metaphora

1816 2705 2095 2770 hominis
2118 2712 2182 2772 et
2207 2707 2644 2775 similitudine.
2676 2710 2800 2776 Sed
2827 2712 2979 2794 quia
3001 2715 3155 2777 tunc
3198 2714 3361 2779 bene

1819 2817 1882 2877 et
1903 2813 2174 2894 perfecte
2199 2816 2632 2897 cognoscitur,
2662 2817 2920 2900 quando
2946 2820 3362 2899 cognoscitur

1817 2923 2129 3001 quantum
2183 2920 2263 2986 ad
2304 2923 2447 3003 ejus
2481 2921 2865 3006 principium
2888 2973 2904 3003 ‚
2948 2925 3264 3005 medium,
3298 2930 3362 2991 et

1820 3027 2149 3106 ultimum
2183 3029 2326 3093 ideo
2352 3029 2407 3093 si
2433 3030 2735 3096 volumus
2762 3032 3100 3113 perfectam
3130 3034 3361 3114 cogni-

1820 3134 2061 3199 tionem
2106 3135 2339 3200 habere
2380 3137 2459 3201 de
2502 3138 2818 3203 creatione
2855 3138 3136 3203 hominis
3169 3140 3363 3223 juxta

1821 3242 2293 3324 possibilitatem
2328 3243 2766 3327 intelligentias
2799 3250 3033 3311 nostrae
3055 3295 3072 3329 ‚
3104 3264 3359 3313 necesse

1822 3353 1916 3413 est
1957 3353 2033 3414 ut
2081 3368 2219 3414 eam
2249 3369 2713 3431 agnoscamuS,
2752 3356 3066 3435 quantum
3100 3356 3181 3420 ad
3218 3356 3361 3438 ejus

1822 3456 2223 3538 principium,
2255 3458 2561 3539 medium,
2592 3463 2657 3524 et
2680 3460 3003 3541 ultimum,
3032 3462 3100 3525 in
3124 3463 3362 3545 quibus

1823 3563 2099 3645 perfecta
2122 3565 2401 3645 cognitio
2447 3565 2539 3629 rei
2583 3566 2861 3630 consistit
2881 3573 2941 3633 ⁸:
2981 3569 3360 3653 principium

1823 3687 2104 3753 namque
2133 3669 2469 3737 creationis
2506 3689 2636 3738 non
2661 3673 2868 3739 solum
2897 3674 3205 3756 hominis,
3252 3675 3362 3741 sed

1825 3777 2020 3841 totius
2047 3778 2356 3858 universi,
2376 3784 2470 3844 est
2486 3781 2814 3863 productio
2828 3783 3128 3865 potentiae
3144 3800 3364 3866 super-

1824 3884 2198 3950 naturaliter
2251 3887 2609 3969 operantis3
2666 3888 2948 3953 medinm
3005 3892 3222 3954 autem
3270 3896 3364 3955 est

1824 3990 2207 4071 gubernatio
2232 3993 2560 4076 sapientire
2600 3997 2890 4061 suaviter
2930 3995 3359 4079 disponentis;

1825 4099 1936 4162 sed
1964 4098 2264 4164 ultimum
2294 4106 2390 4165 est
2416 4103 2881 4167 consummatio
2908 4104 3363 4170 misericordiae

1825 4209 1890 4269 et
1907 4205 2197 4286 Justitiae,
2220 4208 2409 4288 Juxta
2433 4209 2661 4274 merita
2684 4209 2988 4274 omnibus
3011 4211 3366 4277 retribuen-

1827 4312 1930 4377 tis.
1961 4311 2180 4377 Primo
2214 4333 2375 4398 ergo
2423 4316 2493 4379 in
2531 4316 2844 4382 creatione
2880 4317 3191 4400 hominis,
3223 4338 3364 4404 pro-

1827 4421 2042 4486 ductio
2084 4423 2380 4505 potentiae
2406 4424 2676 4488 tenentis
2721 4425 3033 4490 rationem
3074 4427 3365 4509 principii

1829 4529 2126 4610 effectivi,
2156 4530 2544 4595 assimilatur
2587 4531 2840 4597 homini
2865 4532 3108 4598 bonum
3146 4552 3364 4599 semen

1831 4642 1898 4704 in
1923 4657 2087 4722 agro
2113 4657 2231 4704 suo
2257 4639 2596 4704 seminanti
2618 4661 2635 4718 ;
2667 4641 2941 4704 secundo
2979 4641 3365 4723 gubernatio

1829 4748 2155 4831 sapientiae
2199 4747 2553 4812 inducentis
2588 4746 2901 4812 rationem
2931 4748 3124 4813 medii
3164 4748 3366 4814 direc-

1828 4856 1981 4934 tivi,
2029 4854 2415 4920 assimilatur
2451 4854 2888 4937 patrifamilias
2931 4856 3254 4939 operarios
3296 4857 3365 4922 in

1829 4965 2084 5031 vineam
2140 4963 2566 5043 ·conducenti;
2630 4965 2815 5029 tertio
2896 4965 3364 5030 consummatio

1830 5072 2279 5138 misericordia
2319 5075 2383 5137 et
2408 5073 2675 5154 Justitiae
2714 5072 3003 5137 habentis
3053 5073 3365 5139 rationem

1829 5180 2041 5246 ultimi
2065 5178 2534 5261 complementi‚
2555 5179 2943 5246 assimilatur
2954 5179 3196 5246 homini
3218 5180 3364 5263 regi

1829 5355 2039 5417 Areop„
2066 5351 2126 5402 de
2154 5350 2276 5403 Coel.
2304 5350 2586 5412 Rieu-arch„
2617 5366 2665 5403 c.
2693 5362 2732 5413 1,
2758 5352 2790 5416 ς
2817 5353 2866 5401 3.
2895 5375 2956 5389 -
2983 5351 3005 5387 ⁸
3036 5349 3178 5411 Gen„
3215 5360 3254 5415 1,
3283 5353 3359 5403 26.

1828 5452 1891 5465 —
1918 5426 1938 5457 ⁸
1968 5425 2143 5488 Arist„
2171 5421 2392 5487 Νηρία,
2420 5421 2510 5473 lib.
2542 5424 2606 5486 ll,
2633 5426 2758 5476 text.
2794 5428 2838 5474 ¹.

1892 5525 1960 5589 (a)
1987 5524 2112 5577 caet.
2141 5521 2265 5575 edit.
2292 5521 2444 5575 omis.
2478 5520 2684 5575 sonunt.
