4059 6317
810 450 1186 520 DOMJNICA
1226 447 1383 517 INF.
1427 446 1708 516 ocTAv.
1753 445 2248 515 EPIPHANIAE.
2289 446 2551 514 SERMO
2593 445 2672 516 V.
3256 453 3335 518 83

171 587 473 655 lieimdine
503 588 982 673 temporali‚ab
1015 588 1266 670 lmagm‘
1199 586 1215 601 ‘
1264 605 1302 651 e
1348 583 1685 669 corporali.

234 696 552 762 Secundus
600 699 696 762 est
745 697 880 763 dies
916 693 1464 778 contemplationis
1478 741 1499 772 ,
1539 708 1690 776 quae

167 804 352 870 lucida
381 808 500 869 est.
516 805 762 870 Dicitur
784 805 927 871 ideo
947 805 965 840 ¹
996 827 1013 868 ε
1055 827 1086 865 α
1108 803 1438 869 Iustorum
1464 802 1692 866 semita

167 915 328 997 quasi
361 914 476 978 lux
512 914 855 997 splendens
895 913 1199 996 procedit,
1229 915 1294 975 et
1319 910 1544 976 crescit
1577 927 1686 974 us-

167 1039 276 1103 que
299 1019 374 1085 ad
403 1022 756 1105 perfectum
783 1021 980 1086 diem.
1009 1043 1041 1080 ι»
1074 1018 1334 1102 Triplex
1346 1017 1569 1082 lumen
1591 1016 1693 1080 bic

168 1129 462 1211 tangitur:
481 1131 618 1209 lux,
633 1129 953 1213 splendor,
965 1128 1282 1212 perfectus
1294 1126 1450 1205 dies;
1470 1144 1583 1208 per
1603 1125 1693 1207 (a)

43 1247 150 1288 1³⁸¹oe
169 1242 278 1301 tres
289 1244 495 1320 partes
502 1236 1081 1320 contemplationis,
1105 1235 1397 1302 videlicet
1413 1251 1431 1298 ε
1445 1232 1693 1314 cogita-

1 1313 142 1428 Ἄ
168 1344 412 1424 tionem,
482 1344 964 1409 meditationem
980 1391 999 1422 ‚
1068 1340 1689 1425 contemplationem.

167 1449 409 1528 Quando
441 1450 620 1515 enim
658 1450 880 1516 anima
903 1454 1198 1516 versatur
1220 1450 1390 1515 circa
1416 1447 1606 1532 plura
1629 1449 1693 1511 et

167 1562 440 1639 vagatur,
467 1576 685 1642 neque
712 1562 817 1623 est
837 1559 973 1623 fixa
999 1558 1068 1622 in
1096 1575 1251 1638 uno,
1282 1561 1437 1622 tunc
1465 1560 1561 1620 est
1587 1573 1694 1620 co·

166 1665 387 1746 gitatio.
430 1666 593 1731 Item
635 1665 894 1749 quando
919 1666 1169 1731 flxaest
1195 1665 1461 1742 inune,
1487 1663 1693 1728 etuni

165 1775 392 1838 tantum
431 1772 733 1853 intendit,
781 1777 936 1838 tunc
979 1777 1078 1838 est
1125 1771 1469 1837 meditatiO.
1536 1771 1694 1835 Item

165 1880 393 1961 quando
416 1879 533 1945 uni
555 1884 818 1944 tantum
844 1879 1136 1958 intendit,
1169 1881 1233 1942 et
1254 1878 1376 1944 hoc
1387 1895 1580 1960 supra
1598 1896 1689 1957 se,

165 1990 296 2051 tunc
317 1991 412 2052 est
439 1984 926 2067 contemplatio.
968 1984 1379 2067 Augustinus
1401 1985 1466 2047 ⁸:
1503 2006 1535 2044 α
1572 1982 1693 2047 Ubi

168 2099 218 2157 te
228 2093 453 2173 iuveni,
483 2094 729 2158 veritas
750 2092 941 2172 Deus,
957 2092 1079 2156 nisi
1098 2092 1169 2157 in
1193 2097 1464 2175 tesupra
1490 2108 1594 2157 me
1613 2093 1691 2155 7»

169 2200 311 2265 Dens
344 2219 503 2284 ergo
536 2201 662 2266 lux
704 2205 801 2265 aet
839 2200 910 2264 in
949 2198 1366 2280 cogitatione,
1397 2198 1695 2283 splendor

169 2309 224 2374 in
245 2310 678 2389 meditatione,
709 2309 1026 2393 perfectus
1050 2307 1189 2374 dies
1215 2308 1284 2372 in
1306 2308 1692 2392 contempla-

169 2417 331 2483 tione.

231 2522 465 2590 Tertius
511 2524 664 2589 dies
701 2527 799 2587 est
842 2521 1134 2605 perfectas
1173 2519 1558 2600 dilectionis,
1618 2520 1695 2586 de

172 2650 277 2713 quo
299 2630 846 2715 ⁸:1Egredimini,
875 2630 1029 2695 ffliae
1057 2627 1234 2709 Sion,
1264 2631 1327 2693 et
1353 2627 1561 2693 videte
1585 2627 1699 2692 Re-

173 2755 298 2820 gem
322 2738 738 2806 Salomonem
767 2738 837 2802 in
863 2736 1237 2815 diademate,
1270 2753 1400 2818 quo
1428 2752 1691 2800 corona·

173 2847 249 2910 vit
293 2847 470 2912 iilum
518 2854 736 2911 mater
781 2863 900 2910 sua
948 2844 1014 2908 in
1059 2844 1163 2907 die
1199 2842 1698 2926 desponsationis

171 2953 344 3032 illius,
369 2960 434 3020 et
458 2955 529 3020 in
576 2953 690 3019 die
724 2951 966 3017 laetitiae
998 2949 1207 3015 cordis
1233 2950 1397 3031 ejus.
1444 2969 1476 3009 n
1510 2949 1699 3016 Filioe

174 3065 314 3131 Swn
332 3112 350 3142 ‚
388 3066 451 3130 id
476 3069 581 3130 est
610 3064 850 3129 animae
878 3060 1388 3143 contemplativae
1402 3107 1424 3140 ,
1456 3060 1700 3145 effredi-

172 3175 315 3238 nini
351 3191 466 3256 per
501 3171 973 3256 quietationem
989 3216 1012 3248 ,
1042 3175 1106 3236 et
1143 3167 1353 3236 videte
1390 3186 1506 3251 per
1544 3186 1695 3234 con-

173 3282 622 3366 templationem
652 3296 868 3363 reqem
902 3278 1315 3359 Salomonem
1332 3276 1437 3342 cui
1464 3276 1701 3343 dehetis

170 3386 562 3455 dilectionem.
596 3386 750 3453 Tria
767 3387 985 3451 autem
1018 3389 1193 3465 sunt,
1225 3403 1372 3469 quae
1398 3384 1480 3450 ad
1505 3383 1695 3450 dilec-

173 3496 390 3580 tionem>
443 3496 851 3573 accendunt,
894 3493 947 3556 si
997 3492 1163 3557 bene
1202 3492 1646 3574 recogitantur
1675 3509 1694 3553 x

171 3605 414 3686 scilieet,
455 3604 696 3690 Sponsi
733 3601 1097 3669 humiliatio
1116 3649 1139 3681 ,
1169 3601 1340 3684 quod
1379 3601 1700 3682 significa-

169 3714 282 3792 tur,
305 3732 450 3780 cum
467 3712 715 3780 dicitur
739 3728 760 3774 ε
783 3709 863 3774 In
889 3707 1281 3787 diademate,
1302 3724 1428 3791 quo
1443 3722 1699 3775 corona-

174 3820 256 3886 vit
291 3836 428 3886 eum
457 3825 675 3889 mater
707 3833 854 3884 Sua.
899 3814 1309 3881 Bernardus⁸
1342 3838 1359 3880 ς
1398 3838 1431 3877 α
1470 3814 1699 3880 Diade-

170 3931 315 3992 mate
341 3947 580 3994 carneo
618 3923 959 3992 coronavit
983 3941 1137 3988 eum
1174 3926 1380 3988 mater
1417 3941 1536 3988 sua
1573 3921 1702 3986 Ma-

172 4033 279 4098 ria:
302 4035 660 4102 diademate
686 4033 910 4117 spineo
929 4034 1136 4096 mater
1152 4029 1528 4114 Synagoga,
1550 4046 1699 4113 quae

171 4142 354 4220 potins
376 4143 618 4208 dicitur
643 4156 951 4205 noverca.
976 4161 1008 4199 n
1044 4136 1385 4203 Humilitas
1414 4154 1574 4219 ergo
1599 4136 1701 4200 in-

173 4251 529 4316 carnationis
572 4253 640 4314 et
667 4246 987 4331 passionis
1011 4247 1298 4311 animam
1324 4244 1697 4312 accendunt.

175 4351 306 4420 Item
349 4356 826 4423 beneficiorum
883 4353 1324 4437 multiplicatio
1346 4400 1366 4432 ‚
1420 4353 1702 4418 maxime

171 4462 600 4543 militantium,
621 4464 793 4528 sicut
818 4464 915 4526 est
933 4461 1111 4542 fides,
1142 4461 1698 4544 dilectio‚justitia,

175 4568 382 4648 quibus
409 4571 841 4654 desponsatur
869 4566 1192 4632 Christus:
1221 4572 1284 4632 et
1306 4568 1429 4632 hoc
1449 4567 1703 4650 signifi-

175 4679 330 4741 catur
351 4680 428 4745 in
453 4678 570 4745 die
595 4675 1112 4759 desponsationis
1150 4675 1354 4742 illius.
1385 4673 1544 4740 Item
1566 4674 1706 4756 glo·

175 4781 272 4846 riae
291 4789 554 4850 aeternae
587 4782 974 4868 preparatio
1003 4799 1022 4847 ε
1052 4786 1115 4846 et
1143 4782 1267 4846 hoc
1285 4781 1706 4864 ,significatur

177 4889 240 4953 tn
256 4890 355 4958 die
381 4891 640 4959 loetitioe
678 4887 896 4957 cordis
922 4887 1084 4969 ffl‘us.
1115 4887 1313 4954 Corde
1339 4888 1508 4954 enim
1535 4889 1706 4956 laeta-

177 4998 269 5060 tur
298 4998 590 5064 Christus
625 4998 708 5063 de
745 4999 1101 5080 praeparata
1136 4997 1705 5080 maedaemuom

179 5103 382 5184 gloria.
425 5104 842 5189 Augustinus
866 5107 888 5143 ⁸
920 5124 937 5166 ε
976 5126 1008 5166 e
1035 5103 1351 5170 Gaudium
1378 5107 1518 5188 jam
1570 5107 1706 5190 ipse

180 5212 508 5290 perfectum
522 5214 602 5279 de
616 5209 808 5276 nobis
822 5208 1115 5291 hahebat,
1137 5212 1394 5295 quando
1411 5231 1533 5280 nos
1550 5233 1707 5298 prae-

239 5373 438 5435 ’ἰὴ-οι,
467 5386 546 5436 iv,
578 5377 655 5423 18.
685 5396 749 5409 ·-
773 5370 795 5405 ¹
821 5372 1034 5433 August.
1063 5397 1120 5407 —
1149 5372 1171 5405 ⁸
1200 5374 1496 5435 Cant.,111,
1540 5379 1615 5426 Η.
1646 5401 1706 5413 --

184 5437 203 5472 ⁸
224 5443 361 5494 Rern.
382 5473 442 5484 —
472 5446 495 5481 ⁸
520 5447 738 5509 August.
762 5466 823 5480 -
851 5443 872 5471 ⁸
893 5441 1033 5491 Psac.
1054 5454 1160 5506 civ,
1183 5445 1231 5492 8.
1251 5467 1312 5482 -
1329 5444 1351 5479 '¹
1372 5445 1510 5510 Luc„
1536 5458 1595 5510 ιι,
1623 5449 1703 5497 48.

1800 583 2052 650 sciendo
2069 586 2132 650 et
2145 583 2654 668 praedestinando
2675 582 3019 665 gaudebat.
3046 585 3338 654 Loetatur

1797 710 1958 776 ergo
1984 710 2092 761 cor
2107 696 2531 777 quoerentium
2557 693 2906 761 Dominum
2928 743 2947 772 ‚
2975 713 3058 759 ex
3077 712 3209 778 quo
3230 711 3340 760 cor

1797 799 2047 865 Domini
2089 801 2346 867 laetatur
2398 802 2477 867 de
2533 802 2741 884 gloria
2800 800 3251 884 quaerentium.
3299 822 3333 859 n

1796 907 2177 975 Accenditur
2218 927 2378 991 ergo
2419 908 2794 974 mirabiliter
2841 912 3060 974 sancta
3097 910 3335 990 anima,

1797 1017 2052 1101 quando
2082 1018 2397 1099 recolligit
2431 1016 2605 1082 illata
2645 1017 2891 1101 Sponso
2935 1036 3052 1083 suo
3097 1017 3342 1101 suppli-

1797 1125 1934 1205 cia3
1965 1124 2223 1208 quando
2251 1123 2560 1206 recogitat
2593 1124 2712 1188 sibi
2740 1124 2966 1190 collata
2990 1124 3336 1202 beneflcia3

1797 1233 2055 1318 quando
2120 1235 2587 1297 rememoratur
2649 1232 2729 1297 de
2793 1238 3148 1315 praeparata
3221 1231 3345 1295 sibi

1798 1344 2043 1406 aeterna
2063 1338 2305 1404 laetitia.
2351 1338 2494 1404 Dies
2537 1357 2694 1422 ergo
2726 1339 3221 1424 desponsatIonis
3246 1343 3342 1404 est

1798 1449 2004 1513 virtus
2046 1447 2400 1512 dilectionis
2439 1470 2455 1510 ε
2497 1447 2807 1513 veraciter
2848 1449 3021 1513 enim
3063 1447 3337 1530 despon-

1800 1559 1937 1620 sata
1963 1559 2058 1620 est
2084 1555 2321 1633 anima,
2355 1572 2504 1638 quae
2530 1556 2841 1621 veraciter
2866 1555 3096 1638 diligit.

2352 1736 2643 1808 SERMO
2688 1738 2776 1809 V.

1882 1881 2070 1949 Pater
2092 1888 2241 1950 tuus
2266 1888 2333 1950 et
2348 1897 2458 1967 eqo
2471 1882 2749 1951 dolentes
2764 1882 3195 1966 quoerebamus
3214 1889 3274 1952 te
3289 1882 3331 1946 ¹.

1798 1987 2195 2065 Quaerendus
2228 1994 2321 2054 est
2351 1989 2632 2055 Christus
2650 2008 2764 2073 per
2790 1990 3005 2069 fidem,
3036 2008 3150 2075 per
3166 2008 3338 2056 amo·
3378 2018 3578 2062 Christu-

3378 2093 3561 2135 quomo·

3366 2141 3424 2185 do
3454 2154 3576 2197 qna-

1801 2198 1956 2267 Vide
1982 2205 2200 2267 autem
2231 2203 2301 2267 in
2326 2203 2626 2285 praesenti
2658 2201 3028 2285 Evangelio,
3056 2203 3337 2286 quandO,
3367 2206 3546 2250 man..

1798 2112 1961 2176 rem,
1988 2115 2104 2179 per
2126 2096 2464 2178 justitiam,
2494 2115 2607 2181 per
2633 2097 2864 2161 bonam
2879 2099 3335 2181 operationem.

1800 2309 1934 2389 ubi,
1976 2313 2041 2375 et
2070 2311 2324 2394 quibus,
2372 2312 2451 2376 ad
2491 2310 2646 2394 quid
2688 2312 3003 2394 quaeritur
3030 2311 3337 2376 Christus.

1803 2416 2159 2494 Quoerendo
2183 2419 2358 2485 enim
2386 2421 2662 2501 quatuor
2689 2418 3141 2484 consideranda
3157 2421 3337 2483 sunt:

1799 2524 2089 2589 videlicet
2128 2525 2433 2608 temporis
2484 2525 2926 2609 opportunitas
2947 2573 2969 2605 ,
3020 2525 3142 2591 loci
3189 2544 3340 2591 con-

1804 2632 2075 2713 gruitas,
2106 2634 2456 2717 quaerentis
2484 2632 2839 2712 humilitas,
2870 2633 3124 2718 quaesiti
3166 2633 3344 2699 utili-

1801 2743 1919 2805 tas.

1885 2847 1972 2912 De
2018 2847 2271 2932 primo⁸
2304 2869 2320 2914 ε
2360 2871 2391 2910 α
2426 2848 2703 2926 Quaerite
2746 2846 3128 2925 Dominum,
3187 2845 3342 2911 dum

1805 2954 2077 3020 inveniri
2125 2960 2348 3040 potest.
2386 2977 2418 3017 n
2450 2956 2527 3022 Et
2568 2956 2751 3040 quasi
2794 2954 3132 3020 ostendens
3180 2971 3342 3038 qno-

1807 3063 1997 3128 modo
2033 3063 2419 3147 quaerendus
2463 3063 2583 3141 sit,
2615 3062 2914 3145 adjungit
2944 3083 2958 3126 ε
2994 3083 3027 3123 α
3057 3060 3346 3127 Derelin-

1803 3178 1959 3254 quat
1994 3171 2229 3254 impius
2265 3171 2442 3237 viam
2483 3188 2691 3251 suam,
2721 3192 2754 3230 n
2789 3172 2905 3235 etc.
2938 3167 3108 3234 Bene
3130 3172 3347 3235 autem

1804 3278 1955 3342 dicit
1980 3294 1999 3340 z
2021 3282 2191 3344 Dum
2211 3278 2506 3346 inveniri
2520 3281 2739 3360 potest.
2759 3275 2913 3341 Situ
2942 3294 3263 3359 quaereres
3277 3277 3347 3341 in

1804 3385 2017 3451 hieme
2045 3385 2344 3467 calorem,
2388 3385 2491 3451 vel
2534 3386 2603 3449 in
2634 3388 2817 3450 nocte
2841 3383 3065 3464 solem,
3096 3401 3223 3450 non
3251 3384 3347 3448 in-

1806 3493 2078 3558 venires.
2110 3492 2387 3577 Tempus
2413 3496 2631 3558 autem
2657 3491 2986 3576 quaerendi
3014 3490 3118 3557 hic
3144 3492 3346 3557 deter-

1807 3599 2092 3665 minatur
2110 3617 2226 3683 per
2255 3599 2565 3665 triduum.
2601 3598 2930 3665 Invenitur
2965 3602 3179 3696 autem
3205 3605 3348 3683 pom

1807 3707 2093 3773 triduum
2133 3708 2560 3789 contritionis,
2589 3706 3025 3788 confessionis,
3067 3712 3132 3772 et
3169 3708 3350 3773 satis-

1806 3813 2116 3880 factionis.
2139 3813 2227 3879 De
2244 3814 2366 3879 hoc
2385 3814 2599 3881 triduo
2621 3820 2645 3856 ⁹
2675 3833 2693 3879 ε
2731 3837 2764 3877 a
2788 3813 3087 3881 Misereor
3112 3815 3344 3897 turbae,

1808 3941 1955 4006 quae
1982 3924 2056 4006 (b)
2082 3925 2221 4006 jam
2248 3923 2487 4004 triduo,
2514 3946 2547 3984 n
2573 3926 2693 3989 etc.
2709 3971 2731 4003 ,
2762 3924 2880 3989 ubi
2905 3927 3145 4008 septem
3171 3925 3347 4009 pani·

1808 4030 1956 4111 bus,
1976 4030 2043 4096 id
2068 4036 2165 4096 est
2193 4036 2436 4115 septem
2480 4031 2796 4097 donorum
2821 4030 3098 4116 Spiritus
3123 4033 3344 4113 sancti,

1810 4136 2005 4203 homo
2028 4138 2330 4204 reficitur.

1888 4242 1978 4308 De
2040 4246 2314 4311 secundo
2344 4246 2391 4286 ¹⁰
2422 4268 2438 4312 ε
2476 4268 2508 4307 α
2533 4246 2841 4324 Quaeretis
2876 4263 2982 4313 me
3004 4294 3023 4327 ,
3070 4251 3135 4313 et
3164 4248 3345 4315 inve-

1810 4352 2003 4417 nietis
2042 4369 2168 4434 me,
2202 4371 2351 4418 cum
2377 4353 2758 4436 quaesieritis
2784 4372 2889 4419 me
2911 4354 2983 4418 in
3005 4356 3137 4421 toto
3162 4355 3348 4421 corde

1813 4463 2046 4526 vestro.
2076 4480 2108 4519 a
2143 4458 2301 4525 Ecce
2325 4460 2502 4526 Iocus
2532 4461 2648 4525 ubi
2672 4461 3056 4544 quaerendus
3089 4467 3187 4527 est
3222 4461 3350 4527 Do-

1813 4566 2049 4647 minus,
2080 4567 2235 4651 quia
2262 4567 2332 4632 in
2358 4567 2575 4647 corde,
2602 4573 2667 4633 et
2690 4585 2820 4632 non
2849 4568 2919 4633 in
2942 4586 3074 4634 uno
3100 4568 3348 4651 angulo

1814 4674 2041 4755 cordis,
2069 4674 2232 4740 sicut
2256 4674 2373 4755 illi,
2404 4676 2519 4759 qui
2545 4675 2616 4740 in
2643 4693 2776 4740 una
2798 4679 2979 4759 parte
2997 4676 3205 4741 cordis
3222 4677 3352 4742 dia-

1812 4780 2065 4861 bolum,
2094 4782 2165 4845 in
2200 4781 2326 4846 alia
2362 4782 2704 4848 Dominum
2747 4789 3082 4867 quaerunt3
3129 4783 3240 4849 sed
3280 4784 3351 4849 in

1761 4927 1768 4934 -
1813 4891 1943 4953 toto
1991 4888 2179 4953 corde
2215 4889 2598 4973 quaerendus
2650 4893 2744 4955 est
2794 4890 3120 4958 Dominus.
3174 4890 3352 4958 Psal-

1815 4994 2002 5060 mista
2029 4997 2115 5061 ¹¹:
2155 5019 2186 5058 ι
2215 4995 2288 5061 ln
2315 5001 2447 5063 toto
2472 4998 2657 5064 corde
2683 5016 2826 5063 meo
2858 5001 3176 5083 exquisivi
3202 5004 3288 5066 te.
3310 5023 3341 5062 n

1813 5100 2019 5167 Locus
2046 5121 2203 5187 ergo
2238 5106 2567 5188 quaerendi
2608 5106 2717 5172 hic
2749 5107 3210 5175 determinatur
3234 5127 3350 5193 per

1814 5298 1878 5310 —
1913 5273 1932 5304 ⁸
1957 5273 2082 5337 Iso„
2112 5283 2197 5334 ιν,
2228 5275 2277 5336 6,
2306 5276 2353 5324 7.
2382 5300 2445 5311 —
2476 5277 2495 5306 ⁹
2521 5275 2722 5336 Manli..
2751 5288 2838 5340 xv,
2867 5280 2946 5328 32.
2975 5303 3035 5315 —
3072 5279 3116 5314 ¹⁰
3149 5280 3353 5345 det-em„

1814 5356 1963 5407 xxxi,
1995 5347 2075 5394 ¹3.
2103 5371 2162 5383 —-
2192 5346 2230 5379 ¹¹
2264 5346 2399 5396 Psal.
2431 5359 2612 5409 cxvm,
2646 5353 2720 5399 ιο.

1883 5445 1944 5506 (a)
1972 5444 2087 5508 Ley.
2106 5450 2334 5508 propter.
2355 5470 2419 5482 —
2437 5444 2509 5511 (ὁ)
2544 5447 2685 5511 Vulq.
2713 5447 2850 5512 quia.
