4059 6317
1028 521 1128 587 DE
1164 518 1470 586 SANCTO
1512 516 1770 584 PETRO
1811 519 1921 584 AD
1962 519 2333 589 VINGULA.

86 657 192 719 eibi
232 657 452 717 divitiae
491 661 630 717 eunt
668 673 967 718 conversae
998 674 1013 716 ε
1056 656 1207 715 sicut
1247 656 1426 728 enim,
1473 654 1621 713 dum

85 752 245 825 vixit,
278 752 392 810 fuit
432 751 773 825 ditissimus,
811 754 895 811 sic
930 755 1200 811 mortuus
1228 755 1314 809 est
1351 750 1622 808 inventus

85 846 514 920 pauperrimus.
547 846 850 906 Psalmista
884 849 902 883 ¹
945 866 961 904 ε
1000 868 1029 899 «
1066 845 1436 904 Dormierunt
1462 859 1622 900 som-

85 956 224 999 num
248 957 449 1010 suum,
492 943 551 999 et
573 940 724 999 nihil
762 942 1112 1000 invenerunt
1147 954 1355 997 omnes
1387 936 1500 994 viri
1537 935 1623 993 di-

85 1032 355 1092 vitiarum
391 1034 456 1091 in
494 1033 770 1092 manibus
814 1034 952 1092 suis.
977 1055 1005 1087 »ι
1059 1032 1212 1102 Quid
1264 1030 1424 1088 enim
1464 1044 1624 1104 aqua

83 1127 300 1185 vilius?
318 1127 467 1202 quid
490 1127 744 1187 habetur
764 1128 842 1187 ab
869 1126 1215 1186 hominibus
1239 1139 1397 1199 aqua
1435 1121 1623 1181 abun·

85 1221 314 1279 dantius
332 1224 362 1279 ¹?
415 1222 748 1280 communis
801 1226 884 1279 est
938 1220 1218 1279 omnibus
1264 1234 1389 1277 non
1425 1216 1623 1274 solum

82 1315 441 1390 hominibus»,
470 1315 579 1375 sed
605 1316 782 1375 etiam
807 1315 1146 1392 pecoribus.
1190 1318 1344 1387 Ergo
1371 1312 1472 1370 ille
1498 1327 1623 1370 non

83 1409 183 1469 tibi
224 1409 461 1468 videtur
496 1410 684 1469 factus
719 1427 846 1469 esse
880 1409 1318 1486 pauperrimae,
1368 1406 1446 1484 (a)
1485 1422 1623 1464 cum

83 1503 256 1563 variis
280 1503 517 1563 ferculis
543 1504 897 1575 abundaret,
929 1507 986 1562 et
1010 1502 1151 1561 vina
1176 1500 1345 1560 varia
1369 1500 1619 1571 biberet,

83 1612 301 1673 aquam
339 1613 719 1656 communem
755 1614 793 1656 a
832 1597 974 1670 suiS,
1006 1611 1132 1656 non
1169 1596 1304 1654 dico
1340 1593 1579 1652 situlam
1600 1590 1624 1625 ²

83 1709 268 1769 aquas,
291 1692 400 1751 sed
418 1709 600 1752 unam
621 1697 848 1767 guttam
865 1692 943 1751 ad
963 1691 1113 1751 sitim
1134 1689 1617 1762 refrigerandam,

84 1802 261 1862 quam
302 1786 490 1862 petiit,
515 1787 738 1845 habere
776 1802 899 1844 non
928 1786 1167 1861 potuit?
1210 1785 1334 1842 imo
1372 1782 1452 1842 ab
1487 1783 1620 1857 ipso

80 1880 398 1951 Abraham,
437 1897 618 1956 quem
653 1884 970 1939 vocaverat
1010 1883 1257 1949 Patrem,
1298 1876 1525 1936 audivit
1549 1877 1573 1912 ⁸
1604 1894 1620 1934 :

88 1994 114 2029 α
138 1975 483 2046 Recordare,
511 1975 621 2048 fili,
647 1975 789 2051 quia
805 1975 1071 2050 recepisti
1091 1974 1254 2032 bona
1273 1974 1337 2030 in
1352 1972 1477 2030 vita
1496 1973 1637 2043 tua,-

83 2075 137 2128 et
161 2071 407 2128 Lazarus
432 2069 697 2127 similiter
723 2069 921 2127 mala:
954 2084 1113 2127 nunc
1135 2072 1332 2127 autem
1357 2066 1456 2124 hic
1483 2081 1625 2124 con-

81 2163 319 2235 solatur,
345 2167 410 2221 tu
433 2179 575 2222 vero
606 2163 909 2222 cruciaris.
949 2184 978 2215 »
1010 2161 1196 2220 Nolite
1231 2176 1465 2231 vacare,
1503 2159 1622 2218 fra-

44 2322 48 2331 ,
82 2261 192 2315 tres
210 2300 231 2330 ,
288 2257 697 2332 potationibus
718 2299 736 2329 ,
796 2260 856 2314 et
932 2254 1457 2314 comessationibus
1476 2297 1496 2328 ,
1567 2257 1626 2312 et

82 2350 391 2425 purpureis
434 2350 829 2422 vestimentis,
866 2349 1008 2425 quia
1050 2348 1201 2407 ratio
1244 2348 1491 2406 Abrahae
1536 2351 1625 2405 est

79 2445 253 2504 bona.
306 2447 543 2503 Constat
581 2444 749 2520 quod
798 2444 901 2518 qui
947 2459 1106 2502 nunc
1152 2442 1375 2501 habent
1418 2442 1582 2501 bona
1600 2485 1622 2516 ,

79 2538 306 2614 passuri
341 2542 478 2596 sunt
507 2536 695 2596 multa
727 2537 905 2610 mala,
942 2553 1069 2596 non
1105 2536 1474 2611 temporalia,
1516 2536 1623 2595 sed

82 2640 310 2695 aiterna.
341 2634 506 2693 Unde
544 2633 620 2693 de
659 2633 823 2692 omni
860 2632 983 2705 tali,
1023 2633 1126 2706 qui
1167 2632 1403 2690 ducitur
1430 2631 1511 2691 ad
1534 2631 1624 2689 in-

83 2729 329 2803 fernum,
370 2731 564 2804 potest
605 2727 724 2786 dici
766 2727 918 2785 illud
938 2726 961 2763 ⁸
991 2745 1007 2785 ε
1044 2745 1074 2781 ι(
1114 2726 1427 2801 Sepultura
1472 2727 1623 2785 asini

83 2823 409 2899 sepelietur.
439 2844 468 2876 »
498 2825 644 2880 Nam
669 2821 817 2880 sicut
841 2820 1008 2880 asino
1048 2821 1214 2896 prius
1251 2819 1482 2879 corium
1518 2820 1622 2879 de-

82 2918 342 2989 trahitur,
371 2918 431 2975 et
467 2921 676 2992 postea
711 2915 957 2973 canibus
984 2917 1042 2974 et
1073 2915 1288 2974 avibus
1328 2915 1624 2985 devoran-

86 3011 192 3069 dus
221 3012 294 3087 (b)
322 3011 670 3085 exponitur3
700 3010 783 3067 sic
812 3008 1006 3068 omnis
1029 3008 1196 3067 dives
1219 3010 1386 3084 prius
1404 3009 1624 3068 divitiis

84 3105 388 3180 spoliatur,
407 3105 564 3163 etsie
583 3108 872 3180 perpetuo
888 3102 1240 3161 cruciandus
1250 3103 1622 3162 daemonibus

85 3201 252 3259 datur
275 3200 326 3258 ⁸:
366 3198 587 3257 «Dives
623 3198 782 3256 enim
818 3214 957 3256 cum
985 3197 1312 3270 dormierit,
1341 3197 1492 3256 nibil
1530 3213 1623 3257 se-

86 3312 214 3353 cum
240 3293 503 3353 auferet:
536 3292 757 3368 aperiet
777 3290 988 3349 oculos
1008 3307 1169 3361 suos,
1200 3292 1432 3350 ‹at-nihil
1462 3293 1626 3352 inve·

85 3390 217 3448 niet.
238 3410 267 3444 n
299 3389 323 3425 ⁶
355 3407 387 3443 «ι
409 3390 491 3446 Ne
515 3386 794 3458 timueris,
835 3402 974 3444 cum
1013 3385 1181 3444 dives
1209 3387 1419 3457 factus,
1446 3406 1475 3441 ι»
1509 3391 1620 3446 etc.

83 3483 167 3542 Ad
190 3484 304 3543 hoc
322 3482 564 3558 ponitur
583 3479 923 3554 exemplum
940 3479 1004 3538 ln
1026 3479 1271 3540 historia
1292 3481 1559 3540 Barlaam
1578 3484 1623 3554 ⁷,

85 3577 244 3652 quod
268 3579 399 3635 erat
423 3574 627 3634 civitas
654 3573 951 3648 quaedam,
987 3589 1116 3648 quae
1151 3574 1316 3631 omni
1343 3589 1501 3633 anno
1528 3592 1622 3634 re-

86 3687 216 3744 gem
241 3670 359 3729 sibi
385 3667 670 3745 ponebat,
700 3671 758 3724 et
781 3665 1024 3740 plenam
1041 3666 1131 3724 illi
1154 3670 1535 3742 potestatem,
1559 3672 1626 3727 ut

84 3781 276 3840 omne,
306 3748 478 3840 quod
503 3761 700 3835 vellet,
727 3760 944 3819 faceret
972 3759 1060 3836 (c),
1080 3759 1301 3820 dabat:
1331 3762 1438 3820 sed
1465 3779 1625 3822 anno

85 3859 244 3917 finito
261 3901 282 3931 ,
307 3859 508 3934 ipsum
536 3856 614 3915 ad
642 3855 971 3931 quamdam
997 3854 1257 3914 insulam
1283 3858 1624 3932 portabant,

83 3954 185 4012 ubi
213 3969 288 4012 ex
311 3950 571 4028 penuria
595 3950 897 4009 bonorum
924 3950 1214 4024 omnium,
1244 3950 1418 4019 fame,
1450 3952 1543 4010 siti
1569 3958 1628 4012 et

83 4046 296 4121 frigore
339 4044 683 4104 deficiebat:
725 4060 985 4119 quorum
1007 4060 1163 4102 unus
1185 4062 1322 4104 cum
1340 4046 1623 4121 regnavit,

83 4145 306 4201 tantum
319 4140 404 4200 ad
428 4139 684 4198 insulam
706 4138 1007 4214 praemisit,
1026 4139 1193 4213 quod
1213 4139 1298 4198 ibi
1318 4140 1626 4200 abundan-

85 4242 169 4297 ter
189 4238 358 4297 vixit.
397 4236 612 4297 Civitas
649 4239 737 4294 est
775 4234 1056 4308 mundus,
1089 4252 1225 4310 quae
1262 4237 1627 4297 amatoribus

83 4334 198 4390 suis
223 4334 577 4409 potestatem
608 4330 803 4388 omnis
833 4329 977 4387 mali
1004 4329 1228 4402 tribuit,
1267 4331 1375 4390 sed
1408 4331 1472 4390 in
1506 4332 1627 4392 fine

85 4441 185 4483 eos
229 4425 309 4484 ad
351 4424 649 4482 infernum
681 4422 1036 4495 transmittit,
1070 4423 1177 4482 ubi
1202 4424 1392 4498 Jeme,
1431 4425 1526 4485 siti
1570 4430 1631 4487 et

82 4518 296 4593 frigore
333 4518 661 4578 tabescunt.
698 4516 863 4575 Unde
889 4518 1299 4576 Ecclesiasticus
1325 4518 1348 4553 ⁸
1376 4537 1392 4576 :
1429 4538 1457 4574 α
1481 4523 1627 4580 Ante

83 4616 334 4672 mortem
374 4627 646 4688 praepara
667 4611 976 4683 justitiam,
1002 4611 1147 4686 quia
1186 4626 1310 4671 non
1342 4618 1427 4671 est
1462 4615 1627 4689 apud

83 4706 299 4766 inferos
314 4705 585 4765 invenire
612 4705 835 4763 cibum.
857 4725 888 4762 n

149 4802 408 4861 Tertium
425 4799 762 4875 sepulcrum
790 4803 875 4859 est
891 4801 1187 4873 aeternale,
1210 4801 1276 4859 in
1302 4818 1424 4877 quo
1440 4804 1625 4864 homo

83 4894 450 4954 beatificatur
480 4912 497 4951 τ
536 4893 653 4952 hoc
696 4893 856 4951 enim
894 4894 1169 4968 sepulcro
1208 4895 1359 4953 nihil
1392 4898 1626 4970 melius,

83 4988 227 5047 nihil
264 4987 501 5047 dulcius
509 5029 532 5061 ,
566 4986 719 5045 nihil
752 4988 985 5061 utilius,
1025 4987 1174 5047 dum
1205 4990 1412 5049 transit
1440 4992 1625 5053 homo

83 5082 366 5142 atristitia
393 5081 474 5140 ad
499 5080 781 5148 laetitiam,
809 5080 887 5139 ab
915 5085 1168 5156 egestate
1187 5084 1266 5142 ad
1294 5086 1552 5162 copiam,
1588 5106 1625 5149 a

145 5261 160 5295 ¹
199 5258 340 5311 Psal.
373 5269 529 5321 unt,
558 5261 608 5309 6.
635 5282 699 5295 —-
723 5257 745 5290 ²
779 5256 939 5308 Situla
971 5260 1049 5308 est
1074 5272 1167 5309 vas
1192 5260 1255 5310 ad
1290 5260 1624 5315 hauriendam

87 5343 269 5394 aquam
299 5329 711 5380 accommodum.
739 5353 802 5366 —
828 5329 851 5363 ⁸
876 5328 1013 5390 Lam,
1045 5339 1154 5394 xvi,
1180 5332 1261 5381 25.
1290 5358 1351 5369 -
1374 5334 1392 5365 ⁴
1422 5335 1623 5399 lev-em„

87 5413 212 5466 xm,
245 5404 321 5453 19.
352 5427 416 5438 —
441 5400 464 5435 ⁸
489 5400 597 5463 lob,
625 5411 792 5465 xxvu,
821 5402 896 5450 ¹9.
931 5426 987 5436 -
1019 5401 1039 5431 ⁸
1069 5401 1202 5451 Pml.
1237 5414 1431 5464 xum,
1461 5409 1535 5457 17.
1563 5434 1625 5444 —

88 5471 104 5503 ‘
148 5475 407 5536 Damasc„
443 5472 499 5524 in
541 5473 768 5525 Historia
805 5471 867 5521 de
901 5470 1139 5538 10⁸0th
1177 5476 1225 5522 et
1269 5474 1528 5527 Bar-laam.
1564 5504 1621 5516 -

3157 530 3265 592 581

1733 654 2079 714 confusione
2094 656 2174 714 ad
2192 657 2469 730 gloriam,
2487 676 2612 719 non
2633 659 2838 736 utique
2854 659 3273 734 transitoriam,

1731 748 1839 807 sed
1864 752 2163 809 aeternam.
2192 752 2355 810 Unde
2383 752 2620 813 dicebat
2653 754 2787 826 Job,
2826 755 2997 829 quasi
3022 759 3276 813 mortem

1732 846 2037 917 uppetona,
2065 847 2122 901 et
2145 845 2485 918 sepulcrum
2519 847 2636 905 hoc
2661 848 2906 922 cupiens
2931 849 2954 884 ’
2984 865 2999 905 ε
3037 868 3066 901 α
3085 848 3215 906 Dies
3239 867 3270 902 ι

1732 935 1943 1010 inquit,
1974 957 2002 991 ιι
2028 938 2146 995 mei
2182 937 2635 1013 breviabuntur,
2669 944 2727 998 et
2761 941 2960 999 solum
2994 941 3141 999 mihi
3177 958 3274 1000 su·

1731 1033 1927 1104 perest
1950 1032 2325 1106 sepulcrum:
2354 1056 2383 1090 n
2417 1036 2590 1110 quasi
2618 1035 2841 1096 diceret
2869 1057 2882 1095 :
2913 1037 3141 1096 Utinam
3161 1038 3276 1096 cito

1734 1122 1860 1181 dies
1874 1126 2156 1200 temporis
2174 1128 2292 1186 mei
2316 1128 2621 1203 finiantur,
2638 1135 2707 1190 ut
2726 1133 2962 1190 veniam
2980 1132 3060 1190 ad
3085 1132 3280 1207 sepul·

1733 1233 1922 1290 crum,
1943 1219 2114 1294 quod
2140 1221 2287 1278 mihi
2310 1226 2577 1298 superest
2597 1225 2795 1283 solum
2813 1225 2893 1283 ad
2908 1242 3057 1283 meae
3080 1225 3280 1299 gratim

1733 1315 2253 1389 complementum.
2295 1319 2435 1388 Quis
2472 1319 2553 1378 ad
2581 1320 2886 1379 introitum
2912 1321 3046 1380 talis
3082 1322 3282 1396 sepul·

1733 1407 1817 1465 cri
1843 1425 1966 1467 non
1993 1410 2288 1482 gaudeat?
2316 1413 2449 1488 quis
2472 1413 2685 1473 videns
2703 1414 2888 1473 semel
2917 1419 3142 1474 tantum
3168 1416 3278 1474 bo-

1731 1517 1901 1572 num,
1929 1505 2195 1563 secundo
2219 1521 2345 1564 non
2381 1507 2630 1566 redeat?
2666 1509 2801 1583 quis
2826 1508 2999 1567 illum
3018 1509 3279 1582 iubilum

1732 1612 1972 1655 narrare
1997 1598 2289 1657 sufficiat?
2317 1599 2530 1659 dicitur
2554 1601 2618 1659 in
2643 1601 2917 1675 Legenda
2935 1603 3094 1661 beati
3112 1603 3280 1661 Nico-

1731 1690 1811 1748 lai
1831 1693 1905 1762 -¹⁰,
1942 1691 2112 1766 quod
2149 1693 2261 1765 vir,
2299 1693 2539 1752 invento
2575 1711 2756 1770 auro,
2796 1700 2955 1755 tanto
2997 1697 3283 1757 exultavit

1731 1784 1976 1857 gaudio,
2007 1787 2221 1844 utnon
2246 1790 2449 1861 posset
2464 1788 2714 1862 exprimi
2737 1789 2864 1848 ullo
2883 1789 3089 1848 modo.
3120 1789 3281 1849 Multi

1732 1878 1893 1936 enim
1913 1878 2136 1936 inventi
2165 1885 2309 1938 sunt
2325 1881 2754 1957 homine8,'qui
2787 1899 2861 1941 ex
2896 1882 3100 1959 aliqua
3124 1888 3283 1943 tran-
3348 1881 3365 1899 ⁹

1732 1972 1934 2030 sitoria
1952 1989 2039 2046 re,
2059 1978 2117 2032 et
2140 1975 2468 2047 mundana,
2487 1978 2717 2035 tantum
2737 1977 3025 2050 gaudium
3041 1994 3281 2053 accepe-

1731 2070 1889 2137 runt,
1919 2068 2085 2141 quod
2112 2069 2357 2128 dilatato
2387 2071 2569 2128 corde
2594 2070 2748 2129 ultra
2776 2071 3064 2146 debitum,
3093 2072 3281 2148 perie-

1731 2164 1901 2218 runt:
1935 2178 2078 2235 ergo
2120 2163 2170 2220 si
2204 2168 2484 2223 creaturas
2513 2167 2745 2223 tantum
2772 2165 3060 2238 gaudium
3087 2170 3283 2241 potest

1729 2254 1999 2329 ingerere
2019 2257 2249 2314 bonum
2259 2260 2543 2328 creatum,
2570 2257 2898 2333 aliquando
2926 2258 3279 2333 finiendum,

1730 2352 2020 2424 quantum
2048 2350 2258 2409 inseret
2291 2351 2522 2409 homini
2555 2351 2843 2425 gaudium
2868 2352 3098 2411 bonum
3122 2370 3282 2411 sum-

1731 2458 1921 2515 mum,
1963 2444 2308 2516 increatum,
2345 2448 2632 2520 perpetuo
2677 2445 3106 2519 possidendum
3123 2448 3154 2504 ‘t
3190 2447 3282 2505 Sic

1732 2538 1892 2596 enim
1918 2537 2132 2596 dicitur
2156 2538 2284 2596 viro
2304 2539 2466 2611 justo
2495 2542 2535 2576 ¹¹
2558 2556 2573 2596 :
2597 2538 2992 2612 «ingredieris
3012 2539 3075 2596 in
3092 2538 3283 2599 abun-

1733 2633 1935 2692 dantia
1971 2634 2331 2709 sepulcrum.
2374 2655 2403 2689 n
2450 2637 2594 2694 Vere
2634 2635 2700 2693 in
2744 2634 3130 2706 abundantia,
3172 2638 3280 2696 ubi

1729 2726 1952 2786 nullius
1977 2727 2124 2786 boni
2141 2728 2412 2803 penuria,
2444 2730 2501 2785 et
2526 2727 2748 2786 nullius
2771 2728 2914 2787 mali
2941 2731 3248 2803 praesentia
3263 2774 3279 2789 .

1733 2823 1779 2881 0
1805 2822 2144 2897 sepulcrum
2172 2822 2435 2894 beatum,
2481 2838 2667 2897 quare
2691 2825 2747 2880 te
2775 2837 2899 2880 non
2938 2824 3278 2896 queerimuS,

1733 2931 1920 2991 quare
1944 2919 2002 2974 te
2019 2932 2144 2974 non
2166 2916 2520 2992 appetimus,
2536 2931 2721 2990 quare
2740 2930 2852 2990 pro
2870 2916 3278 3006 teqobtinendo

1730 3009 1896 3069 bona
1921 3014 2125 3069 nostra
2149 3010 2353 3069 omnia
2378 3025 2503 3069 non
2529 3009 2861 3068 tradimus?
2884 3011 3069 3080 Certe,
3110 3015 3282 3085 puto,

1730 3104 1843 3164 ista
1867 3104 2138 3177 facimus,
2162 3103 2261 3162 vel
2289 3103 2431 3179 quia
2457 3120 2591 3179 quoe
2629 3119 2770 3162 vere
2806 3103 2882 3161 de
2924 3106 2979 3162 te
3007 3103 3285 3164 dicuntur

1730 3215 1855 3259 non
1874 3199 2193 3270 credimus,
2213 3198 2311 3256 vel
2327 3198 2469 3273 quia
2488 3214 2601 3273 pro
2616 3201 2882 3273 tempore
2908 3196 3026 3255 hoo
3043 3196 3284 3271 misero,

1732 3295 1791 3353 in
1821 3310 1943 3370 quo
1959 3309 2185 3365 eumue,
2215 3297 2376 3350 tuam
2402 3291 2781 3350 dulcedinem
2806 3307 2931 3351 non
2956 3295 3281 3364 gustamus.

1731 3387 2087 3461 Augustinus
2122 3386 2264 3444 dicit
2292 3385 2367 3458 ¹¹,
2397 3385 2564 3461 quod
2598 3404 2629 3440 α
2647 3400 2768 3444 una
2803 3388 2970 3457 gutta
2994 3389 3110 3444 tuae
3149 3384 3285 3443 dul-

1732 3481 1956 3541 cedinis
1992 3484 2078 3540 est
2111 3481 2327 3555 major,
2363 3496 2548 3554 quam
2591 3495 2884 3538 oceanum
2927 3478 3035 3554 (d).
3092 3481 3283 3549 Quare

1729 3576 1878 3634 mihi
1920 3578 2146 3634 certum
2189 3576 2295 3644 est,
2343 3574 2513 3649 quod
2553 3573 2603 3631 si
2641 3574 2777 3648 quis
2798 3577 2912 3631 tuae
2950 3573 3283 3632 dulcedinis

1730 3686 1915 3728 unam
1941 3669 2133 3727 solam
2171 3672 2397 3741 guttam
2422 3667 2682 3739 sentiret,
2723 3683 2836 3742 pro
2862 3667 3052 3726 nihilo
3078 3668 3281 3726 omnia

1733 3764 1926 3823 carnis
1955 3767 2014 3822 et
2039 3761 2335 3820 mundum
2353 3765 2775 3832 contemneret,
2805 3764 2861 3818 et
2874 3760 3086 3819 millies
3104 3762 3281 3819 morti

1731 3874 1793 3916 se
1834 3857 2108 3927 traderet,
2138 3859 2204 3914 ut
2245 3856 2324 3914 ad
2366 3859 2535 3915 tuam
2569 3854 2947 3914 dulcedinem
2982 3854 3226 3912 veniret.
3246 3875 3275 3909 ιο

1731 3957 1908 4026 Ergo,
1944 3950 2153 4009 fratres
2180 3949 2527 4021 charissimi,
2564 3949 2913 4007 horreamus
2941 3946 3280 4022 sepulcrum

1731 4045 2083 4121 temporale,
2112 4044 2411 4118 fugiamus
2436 4043 2746 4116 infernale,
2785 4047 2843 4101 et
2873 4041 3279 4100 desideremus

1731 4138 2161 4215 sempiternale.

1972 4340 2073 4416 DE
2122 4339 2188 4414 S.
2238 4336 2486 4414 PETRO
2532 4336 2641 4412 AD
2684 4335 3039 4411 VINCULA.

2346 4490 2671 4554 SERMO.

1802 4619 1970 4689 Surae
1994 4611 2308 4673 velociter&
2336 4610 2486 4681 Quia
2513 4609 2726 4683 Sancti,
2753 4610 2909 4669 hanc
2922 4609 3273 4669 hodiernam

1735 4708 2046 4786 epistolam
2075 4707 2454 4781 exponentes,
2484 4719 2594 4779 per
2628 4704 2870 4762 beatum
2904 4706 3137 4762 Petrum
3172 4721 3273 4764 ca-

1730 4806 1882 4865 tenis
1918 4802 2251 4870 astrictum,
2290 4797 2596 4857 hominem
2622 4800 2997 4871 peccatorem
3021 4796 3274 4856 vinculis

1731 4900 2063 4974 alligatum,
2089 4893 2465 4969 spiritualiter
2485 4889 2697 4949 volunt
2720 4889 2966 4964 intelligi
2982 4894 3120 4966 post
3143 4906 3275 4948 nar-

1727 4995 2019 5055 rationem
2042 4987 2318 5059 historiae,
2340 5002 2476 5060 quse
2496 4984 2850 5060 apostolicas
2866 4986 3023 5042 tenet
3041 4984 3269 5057 laudes3

1729 5172 1754 5208 ⁸
1781 5168 1963 5230 Eceli„
2002 5177 2112 5228 xlv,
2148 5166 2224 5215 Π.
2254 5185 2317 5199 -
2341 5162 2364 5196 ⁹
2394 5159 2518 5219 lob,
2545 5171 2686 5221 xvn,
2720 5163 2764 5209 1.
2792 5184 2855 5197 —
2881 5160 2923 5195 ¹·
2949 5160 3159 5222 Surius,
3187 5160 3270 5212 die

1731 5248 1760 5295 ὃ
1791 5245 1914 5295 Dee,
1940 5268 2005 5280 ...
2030 5241 2071 5276 ιι
2098 5237 2207 5295 Job,
2229 5248 2277 5300 v,
2304 5237 2386 5286 26.
2415 5261 2474 5272 -
2503 5234 2537 5264 '²
2563 5236 2716 5298 Aug„
2742 5232 2837 5283 vel·
2853 5235 3032 5284 auctor
3055 5233 3268 5302 soliloq.

1732 5343 1791 5357 —
1822 5316 1861 5350 ¹³
1888 5316 2020 5376 Act„
2053 5324 2161 5377 xix,
2191 5312 2239 5360 Ἰ.

1795 5405 1865 5469 (α)
1914 5402 2093 5468 suppl.
2131 5400 2237 5466 qui.
2276 5423 2341 5437 -
2390 5396 2458 5461 (b)
2509 5394 2633 5446 Goet.
2679 5394 2803 5446 edit.
2847 5395 3173 5451 devorandis.
3210 5425 3274 5439 -

1734 5478 1797 5544 (c)
1827 5479 1953 5529 Item
1979 5475 2165 5526 tacere.
2196 5496 2252 5510 -
2286 5469 2363 5537 (el)
2395 5470 2509 5535 [ις.
2533 5480 2777 5521 oceanus.

3332 2178 3454 2221 Mor·
3463 2187 3519 2221 ox

3346 2238 3485 2282 nimio

3324 2301 3504 2358 gaudio.
