4059 6317
878 524 1255 594 DOMINICA
1296 524 1378 593 lv
1419 523 1500 592 IN
1540 522 2190 604 QUADRAGESIMA.
2234 523 2503 592 SERMO
2549 526 2601 591 1.

170 667 341 731 etiam
361 680 475 747 per
497 661 966 746 poenitentiam,
1009 665 1072 726 et
1098 662 1307 725 carnis
1346 659 1685 727 mortifica-

172 775 404 852 tionem,
433 773 498 836 et
521 788 832 835 sensuum
859 769 1369 837 retraenationem
1389 771 1408 806 ¹
1433 791 1449 834 ι
1490 791 1520 830 α
1546 767 1685 833 Glo-

170 881 386 946 riflcate
409 881 473 944 et
495 879 744 962 portate
770 877 973 944 Deum
992 877 1063 943 in
1088 894 1353 961 corpore
1373 879 1614 943 vestro.
1648 896 1678 934 η

175 988 407 1054 Portare
431 990 649 1053 autem
686 986 996 1052 debemus
1035 985 1432 1069 tempestive,
1465 999 1549 1048 ne
1583 1000 1691 1046 ne-

174 1097 474 1179 gligamus
511 1093 820 1178 temporis
843 1094 1220 1160 brevitatem
1246 1096 1269 1130 ¹
1299 1115 1316 1157 ε
1371 1115 1402 1154 α
1433 1090 1686 1157 Bonum

177 1208 256 1268 est
277 1205 408 1269 viro
430 1221 580 1267 cum
618 1200 1000 1285 portaverit,
1051 1222 1081 1260 n
1117 1203 1240 1265 etc.
1282 1198 1444 1263 Item
1469 1198 1689 1263 volun-

178 1311 334 1390 tarie,
360 1328 439 1375 ne
453 1326 769 1391 cogamur
791 1307 1186 1387 necessitate,
1207 1306 1372 1371 sicut
1389 1306 1611 1371 Simon
1625 1305 1683 1365 ⁸:

186 1441 212 1479 α
237 1417 666 1501 Imposuerunt
707 1415 805 1480 illi
840 1417 1093 1499 portare
1137 1431 1393 1479 crucem
1421 1416 1562 1496 post
1583 1411 1687 1477 Je-

178 1544 323 1591 sum.
353 1547 381 1585 n
415 1524 568 1589 Item
611 1527 905 1602 strenue,
946 1540 1029 1587 ne
1059 1522 1395 1587 vincamur
1428 1524 1693 1586 tentato-

179 1634 257 1697 ris
290 1630 791 1715 importunitate3
842 1630 1080 1713 probus
1119 1628 1292 1694 enim
1334 1628 1515 1693 miles
1542 1631 1694 1693 stre-

182 1737 459 1802 nuissime
507 1736 809 1820 clypeum
853 1739 1100 1820 portat,
1158 1733 1470 1818 quamdiu
1524 1733 1693 1800 inter

183 1846 371 1910 hostes
394 1849 485 1910 est
509 1844 532 1880 ⁸
561 1863 579 1910 ε
611 1868 642 1907 α
669 1844 816 1909 Filii
834 1843 998 1909 Juda
1017 1845 1339 1926 portantes
1363 1840 1688 1924 clypeum,

186 1957 240 2016 et
258 1953 509 2033 hastam,
538 1974 570 2012 n
597 1956 719 2017 etc.
750 1951 1023 2035 Clypeus
1041 1949 1480 2034 poeniteniiam
1496 1948 1696 2031 signi-

185 2061 316 2125 ficat
339 2082 354 2125 ε
381 2061 654 2145 protegit
676 2061 854 2125 enim
892 2077 1010 2124 nos
1038 2059 1119 2123 ab
1152 2057 1484 2138 hostibus,
1520 2059 1584 2121 et
1610 2073 1694 2121 ne

187 2166 583 2232 vulneremur.
614 2166 810 2233 Hasta
848 2170 944 2231 est
989 2165 1163 2229 zelus
1196 2162 1485 2247 Justitiae.
1535 2162 1690 2240 Sed,

188 2272 336 2338 heu!
379 2273 555 2338 multi
594 2275 674 2339 de
712 2272 1084 2358 paenitentia
1121 2271 1381 2350 faciunt,
1426 2270 1589 2335 sicut
1613 2271 1694 2335 de

189 2380 432 2462 quodam
441 2380 689 2462 dicitur,
710 2380 819 2463 qui
835 2378 1131 2463 elypeum
1152 2377 1694 2461 usqueadostium

188 2487 467 2566 portavit,
495 2489 559 2550 et
592 2490 750 2551 tunc
792 2486 859 2549 in
902 2485 1116 2549 lutum
1141 2483 1425 2567 projecit.
1459 2482 1693 2564 Grego-

189 2594 312 2658 rius
338 2595 394 2659 ⁸:
418 2618 446 2656 ιι
460 2594 785 2660 Incassum
811 2595 1057 2659 bonum
1071 2593 1312 2674 agitur,
1333 2594 1386 2656 si
1410 2595 1559 2656 ante
1577 2596 1695 2656 ter-

193 2699 410 2765 minum
439 2703 582 2767 vitae
608 2701 959 2767 deseratur.
978 2722 1009 2759 n
1044 2699 1341 2764 Libenter
1368 2704 1698 2784 portemus

197 2825 418 2872 cracem
436 2827 551 2892 pro
564 2809 837 2888 Christe,
861 2808 975 2892 qui
1000 2807 1268 2872 libenter
1288 2808 1563 2891 portavit
1580 2825 1698 2890 pro

199 2915 390 2979 nobis⁸
421 2937 486 2980 t«
509 2915 813 2999 Bajulans
840 2915 957 2980 sibi
983 2933 1239 2980 crucem
1265 2895 1486 2991 exivit,
1509 2936 1537 2974 n
1574 2918 1694 2979 etc.

263 3020 340 3085 De
363 3023 537 3088 tertio
563 3029 627 3087 ⁷:
667 3046 698 3083 «
734 3021 858 3088 Vas
897 3021 1216 3088 electionis
1241 3025 1337 3086 est
1365 3021 1525 3085 mihi
1554 3021 1694 3100 iste,

197 3137 258 3193 ut
277 3134 462 3212 portet
502 3148 738 3196 nomen
780 3148 1022 3211 meum,
1056 3153 1086 3190 η
1123 3134 1244 3195 etc.
1276 3129 1521 3195 Nomen
1545 3129 1700 3195 Jesu

197 3236 252 3300 in
274 3255 371 3302 ore
392 3241 639 3321 portare
664 3238 971 3303 debemus
990 3255 1117 3302 non
1137 3237 1350 3302 solum
1381 3237 1447 3299 in
1473 3236 1699 3319 praedi-

195 3343 426 3423 catione,
454 3346 617 3409 sicut
644 3343 905 3421 Paulus,
935 3345 1043 3408 sed
1067 3343 1261 3408 etiam
1288 3343 1359 3406 in
1387 3342 1696 3421 oratione,

195 3453 250 3513 et
271 3449 329 3514 in
346 3450 722 3530 laudatione,
744 3451 814 3514 in
829 3450 1265 3530 collocutione,
1287 3450 1357 3514 in
1382 3450 1700 3533 frequenti

192 3558 610 3625 ruminatione.
651 3558 1017 3624 Bernartius
1049 3564 1073 3600 ⁸
1120 3581 1135 3624 :
1176 3581 1206 3620 α
1242 3558 1277 3624 J
1281 3576 1429 3623 esus
1464 3557 1593 3623 mel
1632 3559 1701 3621 in

193 3681 308 3746 ore,
329 3667 516 3732 melos
543 3667 614 3730 in
638 3684 820 3746 aure,
854 3665 1102 3749 jubilus
1128 3665 1198 3729 in
1224 3665 1436 3731 corde.
1475 3688 1505 3726 n
1544 3665 1702 3730 Cha-

193 3773 396 3839 tissimi
414 3824 432 3857 ‚
476 3792 729 3859 semper
770 3778 1098 3858 portemus
1142 3774 1384 3858 aliquid
1429 3775 1579 3840 boni
1635 3775 1705 3839 in

194 3897 308 3960 ore,
333 3882 482 3948 sicut
506 3882 811 3948 columba
830 3882 911 3947 de
937 3900 1068 3965 qua
1103 3882 1127 3919 ⁸
1166 3904 1183 3948 ε
1216 3905 1246 3945 α
1296 3881 1562 3949 Portans
1598 3900 1701 3948 ra-

193 4005 353 4054 mum
384 3990 567 4057 olivae
610 3989 966 4055 virentibus
1002 3989 1168 4054 foliis
1208 3990 1277 4053 in
1325 4008 1435 4056 ore
1478 4008 1621 4055 suc.
1666 4013 1696 4051 η

195 4094 353 4162 Oliva
372 4097 688 4164 Christum
706 4145 726 4177 ‚
766 4096 872 4162 vel
913 4096 1130 4162 virum
1157 4098 1410 4180 justum
1451 4097 1703 4180 signifi-

194 4208 306 4282 cat3
335 4204 654 4270 Psalmista
683 4204 730 4241 ¹⁰
763 4225 780 4268 ε
806 4227 837 4265 (ι
852 4203 990 4285 Ego
1015 4208 1235 4269 autem
1258 4205 1420 4270 sicut
1446 4204 1638 4286 oliva,
1665 4227 1696 4266 »

193 4312 298 4374 etc.
349 4311 583 4378 Remus
629 4314 848 4377 autem
907 4315 1003 4377 est
1049 4313 1294 4377 bonum
1347 4331 1510 4396 opus
1529 4363 1546 4393 ‚
1601 4313 1707 4379 vel

195 4420 554 4503 exemplum.
583 4418 764 4485 Folia
784 4422 1000 4483 autem
1029 4420 1303 4485 virentia
1325 4423 1477 4484 sunt
1507 4422 1705 4486 verba

198 4523 613 4605 aedificatoria,
656 4526 858 4591 verba
895 4525 1181 4603 veracia,
1227 4526 1458 4610 pudica
1481 4575 1499 4605 ‚
1545 4530 1711 4612 paci·

198 4628 325 4711 iim,
344 4632 539 4697 utilia.
577 4632 729 4698 Haec
773 4631 1092 4711 columba,
1120 4632 1186 4696 id
1221 4638 1317 4698 est
1360 4635 1578 4699 anima
1615 4635 1711 4700 iu-

198 4753 429 4817 nocens,
459 4738 642 4804 debet
675 4739 745 4802 in
787 4757 898 4803 ore
926 4738 1192 4820 habere,
1223 4741 1276 4805 si
1315 4742 1397 4807 ad
1440 4740 1602 4823 Noe,
1644 4745 1710 4810 id

199 4845 380 4908 estad
407 4844 744 4924 Christum,
773 4845 916 4912 vult
931 4846 1172 4912 venire.
1201 4846 1347 4925 Sed,
1375 4849 1536 4913 heu!
1568 4851 1711 4932 qui-

201 4947 331 5013 dam
356 4970 483 5016 non
507 4953 824 5017 eolumbae
845 4952 980 5033 Dei,
1010 4954 1121 5019 sed
1142 4954 1399 5020 eiconiae
1416 4960 1568 5020 sunt
1585 4955 1712 5020 dia-

201 5054 337 5137 boli,
351 5059 462 5143 qui
487 5060 724 5145 saepius
749 5078 998 5141 ranam,
1025 5079 1218 5145 quam
1240 5080 1499 5127 ramum
1513 5062 1582 5127 in
1600 5081 1711 5129 ore

259 5223 274 5257 ²
303 5222 471 5290 leon,
494 5236 568 5286 vi,
597 5228 678 5276 20.
699 5251 760 5261 —
786 5225 812 5259 ²
843 5222 1037 5285 Thr-en„
1061 5235 1143 5286 111,
1173 5226 1253 5274 27.
1272 5249 1334 5262 —
1359 5223 1379 5255 ⁸
1396 5226 1532 5289 Lac„
1558 5237 1711 5290 xxm,

205 5292 275 5342 ἱδ-
294 5319 353 5332 -
376 5296 399 5330 ⁸
426 5296 662 5362 lParal„
684 5307 783 5358 ιιι,
819 5298 981 5346 24.—
1007 5296 1026 5327 ⁵
1064 5296 1236 5362 Greg„
1274 5296 1458 5347 Mor-al.
1478 5335 1493 5359 ,
1538 5298 1626 5349 lib.
1671 5299 1711 5360 Ι,

206 5375 250 5413 c.
271 5376 462 5433 xum,
486 5368 552 5420 al.
580 5380 671 5431 xx,
698 5381 755 5419 n.
780 5369 862 5418 55.
881 5393 945 5406 —
965 5367 988 5402 ⁸
1008 5367 1167 5429 Joan„
1191 5380 1278 5419 ιιι
1294 5406 1309 5430 ,
1342 5371 1420 5433 17,
1449 5395 1510 5406 -
1533 5371 1556 5406 ⁷
1578 5370 1714 5436 Act„

207 5444 277 5497 ιι,
300 5441 369 5488 15.
388 5466 452 5479 -
476 5441 496 5472 ⁰
520 5441 675 5491 Bern.
704 5438 761 5487 in
785 5438 957 5497 Cant,
977 5450 1130 5490 serm.
1159 5450 1247 5501 xv,
1275 5453 1330 5490 n.
1360 5443 1409 5491 6.
1428 5467 1492 5479 -
1515 5441 1539 5478 ⁹
1568 5441 1713 5505 Gen„

206 5514 314 5572 viu,
344 5513 415 5562 ti.
450 5537 510 5553 -
542 5513 579 5547 ¹⁰
610 5509 753 5561 Pcal.
787 5520 860 5571 u,
899 5510 974 5562 10.
1008 5534 1070 5551 -·
1110 5514 1150 5546 ¹¹
1182 5511 1357 5575 apoc„
1395 5524 1511 5578 ινι,
1547 5515 1622 5565 13.
1650 5538 1713 5552 -·-

3218 528 3336 592 169

1797 658 2059 738 habent,
2111 663 2182 725 ut
2225 661 2631 742 detractores,
2677 661 3032 742 mendaces,
3078 658 3338 742 turpilo-

1792 766 1927 848 qui,
1952 766 2303 850 proditores
2321 772 2384 833 et
2399 768 2775 852 hujusmodi
2802 770 2845 811 ¹¹
2875 786 2892 832 ε
2912 791 2944 830 α
2964 767 3104 834 Vidi
3131 767 3211 832 de
3227 784 3338 832 ore

1792 873 2105 953 draconiS,
2132 878 2197 939 et
2218 875 2295 940 de
2322 893 2434 940 ore
2455 876 2699 956 bestiae,
2729 880 2792 940 et
2821 876 2902 941 de
2930 893 3039 941 ore
3075 875 3339 958 pseudo·

1794 980 2120 1063 prophetae
2162 981 2340 1047 exire
2386 986 2515 1047 tres
2560 984 2929 1048 immundos
2968 983 3233 1065 spiritus
3270 983 3339 1046 in

1795 1086 2058 1152 modum
2108 1106 2436 1154 ranarum.
2494 1112 2523 1149 ι)
2575 1089 2872 1155 Libenter
2914 1108 3151 1154 nomen
3198 1090 3338 1172 ejus

1795 1212 1914 1259 nos
1967 1199 2220 1278 portare
2265 1195 2599 1274 debemus,
2646 1197 2760 1280 qui
2800 1214 2917 1261 nos
2964 1197 3162 1262 verbo
3209 1197 3340 1261 oris

1796 1303 1899 1366 sui
1926 1304 2134 1385 portat
2161 1303 2242 1366 ¹¹:
2280 1326 2311 1363 α
2335 1301 2731 1387 Portansque
2750 1304 2965 1369 omnia
2990 1305 3188 1369 verbo
3210 1304 3338 1368 vir-

1796 1408 1952 1474 tutis
1991 1428 2150 1475 suae.
2195 1431 2225 1469 n
2259 1410 2450 1476 Porta
2477 1427 2630 1476 eum
2676 1410 2747 1475 in
2805 1427 2915 1476 ore
2966 1418 3102 1490 tuo,
3150 1429 3232 1475 ne
3280 1415 3344 1475 te

1797 1519 2056 1581 evomat
2075 1517 2153 1581 de
2180 1533 2291 1581 ore
2313 1535 2429 1582 suo
2457 1518 2541 1582 ¹⁸:
2578 1540 2608 1577 «
2636 1516 2937 1600 Incipiam
2961 1521 3023 1581 te
3049 1534 3345 1583 evomere

1798 1642 1883 1688 ex
1907 1641 2019 1688 ore
2043 1641 2208 1689 mec.
2237 1646 2270 1685 ι»

1879 1732 1966 1796 De
1993 1735 2221 1815 quarto
2245 1731 2288 1769 ¹⁸
2323 1753 2338 1796 ε
2374 1754 2404 1792 α
2428 1730 2902 1814 Insuspicabilis
2922 1731 3200 1815 portavit
3219 1731 3346 1796 dia-

1798 1840 2005 1917 dema,
2028 1860 2061 1900 »
2086 1839 2252 1903 sicut
2280 1839 2514 1904 Paulus
2548 1842 2933 1921 persecutor,
2954 1842 3017 1903 et
3031 1838 3346 1922 Magdale-

1800 1964 1907 2026 na,
1925 1950 1988 2010 et
2004 1945 2191 2010 multi
2204 1945 2286 2029 (a)
2302 1946 2620 2028 quondam
2633 1948 2879 2030 pejores
2892 1964 3064 2010 nunc
3081 1950 3339 2029 portant

1800 2071 2102 2119 coronam
2131 2052 2212 2117 ¹⁸:
2254 2077 2284 2114 «
2317 2053 2668 2134 Publicani,
2700 2057 2764 2118 et
2794 2055 3155 2120 meretrices
3183 2074 3342 2138 prae-

1800 2162 2024 2226 cedent
2051 2177 2165 2226 vos
2191 2161 2261 2223 in
2285 2178 2568 2242 regnum
2596 2161 2729 2227 Dei.
2760 2183 2790 2221 n
2824 2160 2905 2226 Et
2929 2163 3084 2246 quia
3111 2163 3333 2228 multis

1803 2268 2151 2344 doloribuS,
2183 2271 2247 2332 et
2271 2268 2595 2333 laboribus
2627 2269 2860 2333 animae
2907 2275 2972 2335 et
3014 2270 3219 2335 cordis
3261 2270 3341 2334 ad

1801 2374 2179 2458 portandam
2217 2372 2384 2438 hanc
2426 2392 2725 2439 coronam
2771 2377 3163 2459 pervenitur,
3200 2377 3343 2441 ideo

1802 2484 1963 2549 bene
1998 2484 2227 2548 dicitur
2253 2485 2298 2525 ¹⁸
2347 2505 2361 2548 :
2400 2506 2430 2543 «
2476 2482 2813 2568 Occupatio
2847 2504 3088 2568 magna
3135 2489 3346 2551 creata

1803 2596 1899 2657 est
1937 2591 2237 2656 omnibus
2279 2591 2675 2672 homiuibus,
2724 2616 2753 2652 n
2808 2598 2930 2659 etc.
2974 2592 3135 2658 Nota
3168 2593 3342 2676 quod

1803 2700 2041 2765 ibidem
2065 2717 2182 2782 per
2225 2699 2673 2783 praesidentem
2717 2718 2909 2783 super
2949 2700 3163 2765 sedem
3210 2698 3346 2781 glo·

1803 2810 2040 2873 riosam
2055 2856 2073 2887 ,
2102 2811 2166 2872 et
2203 2810 2488 2871 utentem
2532 2806 2876 2890 hyacintho
2894 2855 2911 2887 ,
2954 2806 3022 2872 id
3056 2811 3150 2871 est
3189 2806 3349 2871 stola

1806 2915 2065 2994 coelesti,
2095 2917 2159 2979 et
2177 2931 2292 2997 per
2329 2916 2683 2995 portantem
2727 2931 3054 2995 coronam,
3102 2894 3349 2996 sig‘nifl-

1806 3023 1937 3088 cari
1962 3025 2170 3106 potest
2206 3020 2465 3104 spiritus
2507 3019 2847 3104 cujuslibet
2877 3021 3041 3104 justi
3085 3021 3157 3085 iu
3189 3020 3350 3085 coelo

1807 3131 2149 3197 beatificati
2167 3152 2185 3210 ;
2205 3148 2322 3214 per
2347 3129 2760 3194 humiliatum
2781 3132 2998 3193 autem
3023 3128 3350 3192 interram

1807 3243 1872 3304 et
1896 3238 2199 3317 cinerem,
2239 3241 2304 3302 et
2347 3255 2464 3320 per
2507 3238 2799 3319 apertum
2827 3235 2966 3301 lino
3006 3235 3226 3312 crud0,
3258 3235 3350 3299 si-

1813 3344 2107 3427 gnificari
2145 3347 2351 3427 potest
2394 3360 2626 3426 corpus
2643 3390 2665 3422 ,
2717 3341 2889 3425 quod
2928 3359 3143 3424 panno
3184 3340 3352 3406 lineo

1811 3452 2175 3517 involutum
2203 3455 2298 3516 oet
2330 3450 2401 3514 in
2427 3450 2740 3533 sepulcro.
2787 3448 2860 3513 In
2895 3449 2998 3512 his
3039 3447 3214 3513 enim
3250 3466 3351 3513 oc-

1809 3559 2093 3641 cupatio,
2139 3562 2204 3623 et
2248 3576 2452 3640 grave
2493 3560 2768 3641 jugum,
2814 3557 2972 3622 dum
3019 3556 3228 3621 adhuc
3283 3559 3355 3620 in

1812 3665 2053 3731 mundo
2081 3665 2358 3730 vivebat.
2393 3664 2473 3730 Ut
2497 3665 2663 3730 hanc
2693 3683 2994 3729 coronam
3022 3668 3352 3747 portemus

1809 3773 1879 3837 in
1906 3773 2088 3852 coelo,
2119 3771 2407 3837 Christus
2435 3790 2552 3854 pro
2588 3772 2773 3837 nobis
2800 3790 3104 3837 coronam
3140 3776 3356 3855 porta·

1811 3881 1908 3947 vit
1936 3881 2006 3945 in
2030 3881 2275 3945 mundo
2302 3881 2346 3918 ¹⁷
2377 3903 2392 3946 ε
2432 3903 2462 3940 «
2490 3880 2707 3946 Exivit
2734 3896 2896 3962 ergo
2924 3878 2957 3944 J
2963 3897 3112 3943 esus
3130 3927 3148 3958 ,
3202 3896 3351 3961 por-

1812 3993 1956 4053 tans
2008 4006 2307 4054 coronam
2366 3989 2673 4072 spineam.
2737 4010 2767 4048 »
2830 3987 3196 4052 Bernartius
3225 3985 3272 4026 ¹⁸
3331 4005 3351 4051 ε

1823 4120 1852 4158 ει
1878 4096 2043 4162 Deus
2069 4101 2276 4180 prote
2302 4100 2641 4162 coronatus
2662 4099 2758 4161 est
2784 4095 3006 4177 spinis,
3043 4099 3117 4158 ut
3145 4098 3217 4159 tu
3243 4111 3357 4158 co-

1816 4205 2062 4270 roneris
2087 4205 2157 4269 in
2182 4204 2379 4270 coelis.
2408 4226 2438 4264 »

1967 4437 2334 4515 DOMINIGA
2379 4436 2459 4513 [v
2504 4435 2580 4511 IN
2625 4432 3201 4519 QUADAGESIMA.

2204 4606 2491 4677 SERMO
2535 4603 2864 4675 PRIMUS
2896 4603 2965 4671 ¹⁹.

1897 4741 2293 4824 Sequebatur
2317 4757 2458 4807 eum
2484 4737 2831 4807 multitudo
2870 4753 3106 4820 maana
3120 4783 3142 4816 ,
3201 4737 3364 4819 quia

1817 4847 2126 4916 videbant
2142 4849 2355 4930 siqua,
2385 4863 2529 4930 quoe
2553 4847 2829 4927 faciebat
2863 4860 3054 4927 super
3086 4842 3211 4923 his,
3242 4844 3363 4926 qui

1819 4956 2322 5038 insinuabantur
2345 4955 2412 5019 ¹⁹.
2451 4954 2766 5033 Quoniam
2796 4952 3056 5036 majoris
3081 4950 3363 5015 laesionis

1821 5068 1917 5130 est
1943 5061 2280 5129 infirmitas
2316 5062 2584 5141 mentis,
2634 5077 2832 5145 quam
2873 5057 3183 5141 corporis;
3221 5057 3364 5121 ideo

1822 5207 1862 5244 ¹²
1888 5204 2061 5269 Helm,
2087 5217 2136 5270 1,
2165 5207 2215 5257 3.
2242 5230 2308 5244 -
2340 5203 2385 5240 ¹⁸
2411 5201 2581 5267 Apoc.,
2618 5215 2701 5265 ιιι,
2732 5205 2807 5253 16.
2841 5228 2900 5240 -
2936 5201 2974 5237 ¹⁸
3001 5200 3177 5262 Eccli„
3206 5211 3284 5263 ιι,
3312 5202 3362 5250 5.

1822 5305 1886 5317 -
1916 5277 1958 5314 ¹⁸
1983 5276 2187 5338 Manli„
2226 5288 2338 5340 ιιι,
2369 5278 2450 5326 31.
2478 5301 2539 5313 -
2569 5276 2611 5311 ¹⁸
2644 5273 2821 5336 Ecoli„
2849 5286 2939 5336 ιι,
2965 5276 3011 5323 1.
3040 5297 3105 5309 -
3133 5272 3171 5307 ¹⁷
3197 5272 3365 5332 Joan„

1822 5362 1937 5413 ιιι,
1967 5353 2014 5401 5.
2048 5374 2103 5386 —
2138 5347 2182 5384 ¹⁸
2209 5348 2361 5399 Bern.
2394 5372 2459 5385 -
2480 5347 2520 5382 ¹⁸
2548 5347 2696 5398 Hunc
2726 5359 2832 5397 non
2860 5344 3016 5396 habet
3041 5343 3162 5395 edit.
3198 5343 3362 5395 Paris.

1822 5435 1903 5473 an.
1936 5422 2077 5472 ¹521.
2101 5445 2164 5458 —
2193 5418 2237 5451 ²⁰
2258 5418 2425 5481 Joan„
2453 5429 2527 5483 v1,
2554 5421 2605 5469 2.

1890 5510 1959 5576 (a)
1989 5510 2115 5565 Cot.
2141 5507 2266 5564 edit.
2291 5506 2563 5581 magnalia,
2591 5509 2646 5563 et
2669 5505 2846 5575 multa,
2870 5505 2979 5556 sine
3002 5518 3166 5563 censu.
