4059 6317
1028 423 1409 497 DomNmA
1449 423 1503 490 11
1542 415 1983 489 ADVENTUS.
2027 420 2290 489 SERMO
2331 417 2383 487 1.
3214 407 3289 484 Η

182 571 390 639 loannes
411 568 685 654 Baptista
715 569 789 633 in
821 566 1104 635 vinculis
1131 563 1529 640 constitutus,
1562 557 1649 622 si-

182 685 294 763 gual
330 679 564 744 animas
603 677 953 742 existentes
989 673 1062 738 in
1105 670 1438 754 multiplici
1483 670 1654 731 statu

182 787 397 852 miseriae
431 791 494 852 et
529 783 926 850 calamitatis.
969 780 1133 847 Nam
1179 779 1386 862 primo
1440 770 1657 856 signat

180 896 371 959 animas
446 892 907 976 circumplexas
985 887 1259 952 vinculis
1327 879 1658 964 originalis

180 1001 363 1085 culpae3
390 1000 662 1065 seeundo
675 1001 893 1079 signat
911 994 1159 1060 animas
1174 988 1660 1073 circumpeditas

179 1108 396 1173 vinculis
417 1111 627 1172 reatus
651 1122 893 1190 poenae3
936 1102 1126 1168 tertio
1163 1098 1481 1181 significat
1516 1095 1661 1158 ani-

180 1234 283 1279 mas
301 1214 782 1280 circumvolutus
806 1209 1082 1276 vinculis
1106 1204 1452 1290 corporalis
1478 1200 1664 1266 mise-

177 1323 282 1387 πίω.
304 1321 511 1385 Primo
534 1321 614 1386 de
640 1319 925 1384 vinculis
957 1314 1294 1397 originalis
1331 1311 1539 1394 culpae
1574 1307 1667 1373 di-

178 1431 337 1493 citur¹
362 1450 378 1491 :
407 1429 585 1496 Hanc
610 1427 823 1508 filiam
846 1424 1143 1502 Abi-clue,
1169 1437 1362 1505 quam
1390 1417 1668 1485 Smanas

180 1538 447 1620 ducavit,
486 1552 696 1604 nonne
739 1535 1024 1618 oportuit
1065 1530 1307 1599 absolvi
1347 1545 1390 1595 a
1413 1525 1668 1594 vinculo

179 1646 237 1711 in
252 1645 341 1712 die
366 1645 614 1713 sabbati
629 1645 665 1708 f
687 1642 873 1727 quasi
896 1642 1132 1708 diceret
1156 1639 1247 1703 sic
1273 1660 1291 1703 ι
1323 1634 1557 1701 Mulier
1576 1634 1672 1698 in-

180 1755 366 1820 clinata
391 1755 468 1819 ad
494 1757 757 1830 terram,
785 1768 936 1834 quae
963 1766 1095 1813 non
1132 1747 1375 1830 poterat
1411 1758 1673 1807 sursum

178 1862 466 1946 respicere,
493 1860 820 1941 significat
847 1857 1130 1923 animam
1162 1852 1391 1918 merito
1414 1867 1673 1933 corrup-

180 1965 330 2029 tionis
366 1961 701 2045 originalis
739 1960 948 2043 culpae
988 1959 1274 2023 allectam
1307 1958 1392 2035 (a)
1434 1954 1512 2018 ad
1545 1957 1673 2018 ter-

177 2089 300 2137 rena
346 2073 604 2155 propter
654 2068 1039 2152 pronitatem
1092 2064 1171 2128 ad
1225 2060 1506 2137 malum;
1558 2077 1677 2124 nec

179 2183 346 2262 potoet
361 2180 658 2261 appetere
674 2173 952 2240 coelestia
971 2176 1228 2255 propter
1245 2167 1676 2234 difficultatem

180 2286 242 2350 ad
259 2287 511 2351 bonum.
551 2283 666 2349 His
692 2300 855 2364 ergo
878 2278 1154 2345 vinculis
1183 2275 1517 2359 originalis
1540 2274 1677 2338 cul-

181 2410 277 2475 pae,
301 2393 528 2457 scilicet
550 2388 885 2474 pronitatis
912 2386 990 2450 ad
1019 2384 1283 2463 malum,
1313 2386 1378 2447 et
1405 2380 1677 2446 difficul-

183 2501 301 2564 tatis
328 2500 409 2565 ad
452 2500 734 2573 bonum,
778 2493 1068 2575 alligavit
1108 2508 1259 2556 eum
1294 2487 1600 2567 Satanas;
1641 2506 1681 2553 a

180 2607 379 2689 quibus
410 2623 546 2671 non
586 2605 793 2686 potest
832 2598 1075 2664 absolvi
1110 2596 1411 2681 perfecte,
1448 2595 1571 2660 nisi
1612 2595 1680 2660 in

184 2715 403 2780 sabbato
426 2708 893 2796 quiescentium
924 2724 943 2770 ι
972 2705 1145 2789 quia,
1178 2704 1324 2769 licet
1348 2703 1680 2787 concupis-

184 2823 349 2885 centia
395 2820 680 2885 transeat
721 2815 794 2879 in
840 2814 1155 2895 baptizato
1173 2859 1191 2889 ‚
1240 2815 1555 2895 quantum
1602 2810 1683 2876 ad

187 2932 389 2992 reatum
416 2943 660 3011 poenae3
699 2925 991 2987 remanet
1020 2924 1231 2983 tamen
1264 2922 1578 3001 quantum
1602 2916 1683 2982 ad

183 3035 541 3110 exercitium,
571 3036 651 3097 ut
673 3028 1025 3114 quemlibet
1046 3031 1332 3091 nostrum
1362 3025 1686 3108 experien-

184 3141 251 3204 tia
273 3142 458 3207 docet.
486 3138 782 3205 Secundo
804 3135 885 3201 de
907 3133 1184 3199 vinculis
1206 3138 1419 3197 reatus
1442 3149 1679 3216 poenae3

181 3246 380 3330 dequo
413 3250 624 3332 potest
661 3243 895 3326 exponi
933 3241 1182 3306 illud¹:
1225 3239 1444 3307 oculos
1484 3237 1681 3306 Sede-

180 3353 316 3421 cltioe
334 3357 523 3436 ew,
553 3360 619 3421 et
644 3353 873 3419 vinxit
897 3365 1042 3415 eum
1065 3349 1141 3414 in
1164 3346 1585 3432 compedibus,
1610 3351 1685 3413 ut

182 3461 483 3531 &merctur
503 3464 581 3528 in
606 3458 1019 3542 Babylonem.
1058 3454 1390 3521 Sedechias
1415 3455 1485 3518 in
1510 3472 1682 3519 com-

182 3569 417 3650 pedibus
438 3589 479 3634 a
505 3586 667 3651 rege
690 3564 1065 3649 BabyloniS,
1097 3562 1211 3647 qui
1236 3562 1687 3644 interpretatur

174 3672 415 3755 §mitia
451 3676 718 3743 Domini
742 3678 798 3753 ⁸,
840 3672 1047 3753 signat
1084 3670 1357 3745 animas,
1399 3687 1438 3734 a
1471 3669 1687 3751 rigore

181 3782 391 3849 divinae
408 3782 705 3868 justitiae,
733 3779 963 3844 merito
982 3778 1206 3861 primae
1228 3776 1689 3860 praevaricatio·

181 3889 265 3951 nis
296 3892 525 3974 positas
567 3908 610 3955 a
642 3886 893 3954 diabolo
928 3885 998 3949 in
1031 3884 1437 3967 compedibus
1474 3886 1689 3949 reatus

179 4013 365 4078 poenae
407 3998 543 4064 sive
580 3994 883 4061 carentiae
915 3992 1179 4058 visionis
1213 3991 1472 4058 divinae.
1512 3989 1687 4055 Unde

180 4105 373 4170 oculos
416 4107 560 4187 eJus
594 4103 837 4168 eruisse
877 4100 1142 4179 dicitur,
1179 4099 1334 4183 quia
1371 4118 1411 4164 a
1449 4098 1688 4166 visione

144 4227 329 4277 -verae
353 4212 513 4278 lucis
539 4210 917 4277 excluserat.
946 4208 1210 4275 Ducitur
1233 4206 1422 4273 etiam
1454 4207 1524 4271 in
1563 4204 1685 4270 Ba-

177 4315 491 4402 bylonem,
518 4320 584 4385 id
612 4322 741 4399 est,
769 4318 838 4381 in
874 4316 1168 4381 limbum.
1206 4312 1488 4397 Babylon
1516 4313 1689 4378 enim

178 4427 448 4505 confimo
498 4427 994 4508 interpretatur,
1045 4425 1109 4487 et
1155 4422 1370 4504 signat
1413 4419 1689 4484 limbum

176 4532 401 4598 rafione
457 4530 859 4598 ohoeuritatis
882 4578 908 4611 ,
977 4547 1171 4612 quam
1234 4527 1552 4593 habebant
1600 4526 1690 4589 ibi

178 4641 359 4703 sancti
385 4644 615 4723 patres.
653 4637 904 4717 Tertio,
946 4637 1026 4702 de
1051 4634 1324 4701 vinculis
1352 4633 1694 4718 corporalis

176 4745 471 4825 miseriae3
515 4751 579 4812 et
616 4750 823 4830 potest
858 4744 981 4810 dici
1023 4743 1091 4807 in
1124 4760 1395 4826 persona
1437 4741 1693 4823 generis

177 4848 431 4917 humani
466 4853 620 4919 illud
643 4854 670 4888 ⁸
698 4873 716 4917 ε
747 4852 1126 4917 incurvatus
1153 4865 1293 4915 sum
1319 4847 1517 4916 multo
1543 4849 1694 4915 vin-

178 4959 303 5026 ctdo
326 4961 525 5041 ferri,
562 4967 623 5028 et
653 4975 787 5028 non
816 4963 911 5025 est
946 4958 1283 5040 respiratio
1319 4956 1504 5023 milti.
1533 4953 1695 5021 Vere

237 5167 257 5200 ¹
284 5167 421 5226 Luc„
456 5179 576 5232 xm,
607 5171 685 5220 ¹6.
716 5194 775 5205 -
814 5166 837 5200 ²
869 5166 1076 5226 Jerem„
1110 5174 1209 5228 m,
1248 5168 1326 5215 11.
1353 5189 1412 5207 -
1452 5164 1472 5195 ³
1498 5162 1699 5217 Scilicet

182 5234 330 5322 ΡἙ,
369 5239 571 5306 Toedeq,
602 5239 831 5305 justitia,
878 5241 931 5288 et
970 5235 1058 5320 572,
1106 5236 1199 5287 Jah
1237 5250 1328 5288 seu
1368 5235 1600 5288 Jelaovah.
1635 5264 1698 5277 -

181 5337 200 5362 ⁴
228 5335 365 5386 Orat.
396 5337 608 5388 unam.
634 5338 772 5389 inter
807 5335 1104 5401 apocrypha
1129 5334 1254 5385 Bibl.
1285 5361 1347 5374 —
1374 5336 1393 5367 ⁸
1422 5337 1583 5399 lom„
1615 5346 1698 5402 nl,

184 5406 260 5455 2⁶.
283 5430 347 5450 .-
372 5408 398 5445 *
428 5408 570 5474 thid„
588 5411 669 5462 28.
698 5434 761 5447 —
784 5409 803 5439 ²
827 5406 1035 5469 natm„
1062 5416 1133 5469 lx,
1157 5410 1230 5458 14.

462 5515 603 5564 ¹1¹0!-
644 5515 786 5563 xm.

1760 557 1953 623 homo
1976 558 2046 622 in
2072 560 2241 647 statu
2265 556 2590 641 praesentis
2615 556 2890 623 miseriae
2919 554 3296 622 incurvatus

1761 670 1856 730 est
1879 665 2085 731 multo
2110 666 2365 731 vinculo
2385 665 2537 731 ferri
2561 687 2577 729 ε
2607 683 2783 730 nunc
2801 663 3059 729 vinculo
3082 662 3290 743 famis,

1763 792 1935 838 nuuc
1962 773 2218 839 vinculo
2246 773 2382 837 sitis
2401 820 2418 850 ,
2459 771 2799 855 aliquando
2823 770 3083 837 vinculo
3108 769 3295 836 nudi-

1763 881 1940 959 tatis,
1974 881 2357 963 quandoque
2382 896 2538 944 vero
2579 878 2967 943 infirmitatis
3000 899 3017 942 ε
3060 896 3179 943 nec
3204 879 3300 943 est

1765 985 1886 1050 sibi
1936 987 2268 1069 respiratio
2285 1034 2306 1065 ‚
2368 1004 2445 1051 eo
2501 986 2673 1069 quod
2726 987 2909 1051 aestas
2959 985 3301 1068 impugnat

1766 1111 1882 1177 per
1937 1093 2206 1158 nimiam
2256 1092 2675 1174 caliditatem3
2731 1092 2938 1157 hiems
2952 1141 2976 1173 ,
3037 1110 3153 1175 per
3194 1090 3301 1155 ui-

1769 1201 1967 1266 miam
2009 1201 2350 1265 siccitatem
2364 1247 2387 1279 ‚
2432 1200 2538 1267 vel
2579 1218 2694 1283 per
2736 1199 3145 1265 excedentem
3186 1199 3305 1264 hu-

1772 1308 2158 1386 miditatem3
2198 1307 2573 1372 sensualitas
2609 1313 2824 1372 autem
2854 1311 3173 1390 repugnat
3197 1324 3304 1370 ra·

1773 1415 1953 1480 tioni.
1986 1414 2125 1498 Ipsa
2151 1433 2403 1498 quoque
2429 1413 2727 1480 voluntas
2752 1414 2823 1479 in
2853 1414 3188 1498 semetipsa
3213 1417 3310 1479 est

1775 1522 2092 1587 contraria
2115 1526 2178 1587 et
2199 1522 2449 1587 diversa
2479 1542 2495 1583 ε
2530 1527 2594 1587 et
2618 1522 2709 1586 sic
2732 1540 2860 1587 non
2883 1526 2977 1587 est
3002 1521 3070 1585 in
3096 1520 3312 1605 aliqua

1775 1633 1956 1714 parte
1980 1628 2216 1694 misero
2241 1628 2487 1693 homini
2519 1628 2871 1712 respiratio.

1864 1736 2031 1801 Dicto
2072 1736 2151 1801 de
2193 1735 2658 1814 significatione
2704 1735 3071 1819 multiplicis
3114 1739 3313 1802 status

1779 1845 2080 1923 hominis,
2109 1851 2173 1909 et
2198 1842 2231 1909 J
2235 1843 2460 1908 oannis
2477 1844 2545 1907 in
2573 1842 2868 1924 vinculis,
2889 1847 3086 1909 restat
3100 1845 3316 1910 videre

1781 1953 1859 2016 de
1884 1952 2230 2035 quaestione
2260 1949 2685 2015 dubitantium
2723 1949 2801 2014 de
2834 1949 3113 2015 adventu
3144 1949 3321 2016 Chri-

1781 2058 1883 2137 sti,
1921 2059 2092 2141 quod
2120 2061 2381 2123 notatur
2406 2058 2704 2139 secund0‚
2735 2075 2882 2123 cum
2910 2056 3139 2123 dicitur
3171 2081 3186 2121 ε
3225 2057 3319 2123 Tu

1783 2182 1847 2233 es
1871 2167 1988 2249 qui
2028 2172 2338 2234 veretum
2362 2181 2461 2246 es,
2498 2182 2588 2233 an
2618 2165 2821 2233 alium
2861 2167 3321 2251 expectamus?

1787 2271 1860 2336 In
1884 2274 2004 2337 ista
2026 2273 2375 2355 quaestione
2390 2321 2410 2353 ‚
2440 2291 2636 2356 quam
2672 2277 2951 2356 ponunt,
2983 2273 3320 2339 ostendunt

1786 2398 1855 2445 se
1881 2380 2173 2446 dubitare
2195 2402 2212 2460 ;
2244 2381 2354 2446 sed
2381 2381 2451 2444 in
2468 2379 2923 2464 expectatione,
2954 2399 3150 2464 quam
3176 2398 3323 2465 sup-

1786 2471 2065 2571 ponunt,
2091 2489 2431 2553 ostendunt
2457 2505 2524 2552 se
2554 2487 2930 2553 desiderare.
2963 2487 3321 2566 Quaerimus

1789 2597 1961 2660 enim
1989 2596 2164 2678 quod
2188 2595 2557 2661 dubitamus
2573 2599 2636 2659 et
2656 2595 3122 2677 desideramus3
3152 2596 3323 2680 quod

1787 2721 1985 2787 prope
2040 2710 2134 2768 est
2159 2751 2180 2783 ,
2254 2706 2679 2785 expectamus.
2745 2702 3116 2787 Proponunt
3164 2723 3325 2787 ergo

1789 2811 2205 2894 quaestionem
2218 2858 2236 2890 ‚
2285 2828 2362 2874 eo
2401 2810 2573 2893 quod
2614 2810 2935 2877 Christum
2977 2816 3326 2879 venturum

1791 2918 2172 2983 desiderant.
2203 2916 2418 2982 Primo
2444 2924 2787 3001 quaeruut:
2827 2919 2919 2986 Tu
2946 2935 3012 2986 es
3036 2922 3151 3004 qui
3177 2937 3325 2988 ven·

1793 3029 1978 3092 turus
1999 3041 2064 3092 es
2091 3025 2160 3090 in
2181 3026 2522 3105 mundum,
2557 3026 2636 3091 ad
2668 3025 3045 3093 solvendum
3071 3027 3328 3093 vincula

1793 3131 2125 3213 originalis
2149 3131 2357 3216 culpae
2373 3134 2405 3195 ⁴?
2435 3131 2726 3198 Secundo
2758 3138 3059 3216 quaeruut
3091 3156 3106 3199 ε
3144 3134 3238 3200 Tu
3263 3150 3329 3202 es

1793 3242 1908 3322 qni
1923 3247 2230 3308 venturus
2257 3256 2322 3307 es
2347 3241 2416 3303 in
2443 3240 2739 3321 limbum,
2764 3241 2845 3306 ad
2860 3242 3329 3309 dissolvendum

1794 3349 2050 3413 vincula
2073 3353 2288 3413 reatus
2314 3365 2523 3431 poenae
2539 3349 2572 3411 Ἰ
2607 3347 2816 3437 Tertio
2854 3355 3201 3433 quaerunt:
3237 3351 3331 3417 Tu

1795 3473 1861 3523 es
1887 3459 2332 3541 quiveram
2358 3472 2424 3523 es
2450 3456 2530 3521 ad
2550 3456 2891 3539 iudicium,
2918 3460 3000 3524 ad
3025 3460 3327 3525 extermi-

1794 3566 2079 3631 nandum
2110 3564 2367 3630 vincula
2390 3563 2732 3648 corporalis
2768 3565 3085 3632 miseriae?
3113 3567 3330 3635 Primo

1795 3675 2143 3756 quaerunt:
2193 3670 2285 3737 Tu
2324 3686 2389 3737 es
2430 3673 2548 3752 qui
2577 3677 2887 3741 venturus
2926 3689 2992 3741 es
3027 3674 3098 3739 in
3136 3693 3327 3741 mun-

1795 3778 1951 3844 dum
1964 3826 1982 3858 ,
2014 3776 2097 3842 ad
2137 3765 2515 3843 solvendum
2552 3778 2810 3846 vincula
2831 3780 3161 3863 originalis
3187 3782 3332 3848 cul-

1794 3887 1941 3969 pae?
1993 3883 2136 3950 Non
2188 3884 2362 3949 enim
2410 3882 2683 3952 loannes
2727 3891 2989 3971 propter
3029 3907 3098 3954 se
3139 3890 3332 3956 istam

1796 3992 2218 4077 quaestionem
2277 3992 2465 4071 fecit3
2525 3993 2635 4057 sed
2687 3997 2945 4078 propter
2994 3997 3333 4082 discipulos

1797 4117 1969 4180 suos,
1996 4100 2267 4183 quinon
2293 4099 2630 4165 credebant
2655 4101 2726 4166 in
2753 4100 3095 4183 Christum,
3125 4110 3200 4171 ut
3225 4125 3332 4189 pa-

1796 4211 1908 4288 tet,
1946 4207 2202 4291 quaudo
2235 4207 2478 4273 invidia
2510 4209 2670 4274 moti
2684 4260 2703 4290 ,
2747 4228 2825 4277 eo
2850 4212 3023 4296 quod
3050 4213 3333 4281 Christus

1796 4315 2251 4399 praeferebatur
2295 4335 2522 4381 eorum
2558 4317 2868 4400 magistro
2882 4368 2900 4401 ,
2944 4320 3236 4388 dicebant
3261 4329 3327 4387 ⁸:

1797 4421 1955 4490 Ecce
1988 4422 2096 4488 Mc
2133 4425 2251 4504 qui
2285 4422 2690 4507 baptizabat,
2730 4431 2791 4492 et
2827 4441 3038 4494 omnes
3069 4431 3333 4497 vettium

1801 4530 1891 4596 ad
1932 4546 2096 4597 θιιπι.
2153 4529 2329 4595 Unde
2378 4531 2461 4597 ad
2514 4532 2992 4600 certificandum
3036 4553 3144 4601 eos
3184 4537 3334 4602 dicit

1799 4637 2046 4703 idem⁸z
2082 4635 2306 4703 Nonne
2332 4637 2467 4703 dixi
2492 4640 2675 4705 vobis
2703 4639 2874 4723 quod
2900 4657 3010 4725 eqo
3035 4659 3167 4710 non
3191 4659 3335 4712 sum

1807 4744 2112 4826 Christus,
2142 4745 2259 4812 sed
2283 4760 2424 4812 sum
2449 4748 2688 4814 missus
2710 4754 2859 4816 ante
2884 4748 3070 4816 illum
3086 4752 3123 4817 Ρ
3146 4751 3335 4835 quasi

1803 4852 2084 4917 diceret:
2113 4850 2240 4917 Sic.
2267 4850 2596 4933 Similiter,
2624 4854 2807 4938 quasi
2831 4857 3220 4940 praeterendo
3245 4877 3337 4924 se-

1803 4960 1974 5037 ipsos
1989 4960 2314 5043 discipulis
2333 4960 2585 5041 Christi,
2603 4962 2894 5029 dicebant
2922 4965 3003 5030 ad
3040 4963 3331 5033 Jesum⁷2

1810 5068 2013 5143 Quare
2061 5068 2138 5151 (b)
2175 5083 2292 5135 nos
2334 5075 2394 5137 et
2432 5070 2748 5152 pharisoei
2785 5072 3159 5155 ,ieiunam
3208 5077 3339 5158 fte-

1805 5179 2083 5258 quanter,
2111 5174 2420 5259 discipuli
2449 5185 2659 5247 autem
2694 5182 2798 5248 tui
2839 5181 3341 5266 ncnjey‘amam?

1806 5280 2041 5348 Volens
2087 5299 2247 5365 ergo
2298 5283 2524 5351 beatus
2574 5284 2847 5353 loannes
2892 5306 3118 5357 eorum
3153 5292 3341 5360 saluti

1877 5407 1945 5472 (a)
1971 5407 2095 5459 Cat.
2123 5407 2244 5460 edit.
2275 5409 2482 5464 allecta.
2510 5437 2573 5451 —
2600 5412 2666 5479 (b)
2693 5414 2817 5466 Cet.
2850 5415 2972 5471 edit.
3001 5417 3150 5481 Quia.

3027 5516 3069 5576 2
