4059 6317
808 451 1186 520 DOMINICA
1223 449 1389 520 xvn
1434 450 1633 519 POST
1674 448 2258 519 PENTECOSTEN.
2304 451 2568 519 SERMO
2611 452 2659 517 1.

135 607 268 656 non
291 589 563 673 possunt
587 589 837 669 sanari,
877 589 1006 655 nisi
1030 589 1212 674 prius
1254 591 1676 656 amoveantur

132 702 200 764 et
224 697 712 780 conti-ingentur
735 696 848 762 Dei
880 697 1142 775 timore,
1171 698 1585 763 concidantur
1611 700 1675 762 et

131 805 596 870 conturbentur
647 806 884 888 peccati
918 804 1170 885 dolore,
1218 807 1282 870 et
1328 805 1674 870 dilatentur

130 911 365 978 Christi
391 930 649 992 amore3
677 912 819 978 ideo
846 913 1059 997 inquit
1088 912 1398 997 propheta
1435 932 1454 978 ε
1491 913 1669 980 Gom·

129 1021 395 1088 movisti
445 1026 684 1088 terram
700 1068 722 1101 ,
778 1021 1224 1103 restringendo
1274 1021 1504 1086 timore
1554 1038 1672 1104 per

127 1126 702 1193 considerationem
771 1128 1138 1193 divinorum
1193 1128 1588 1211 ,iudiciorum
1646 1150 1663 1192 ε

131 1234 538 1303 conturbasti
567 1237 650 1318 (a)
674 1242 813 1302 eam
833 1283 853 1317 ,
893 1236 1278 1301 concidendo
1313 1236 1528 1302 dolore
1554 1254 1670 1319 per

123 1342 625 1426 deplorationem
668 1343 958 1409 omnium
1001 1348 1406 1427 peccatorum
1445 1364 1461 1407 z
1501 1359 1669 1410 sana

121 1450 537 1515 contritiones
558 1454 724 1533 ejus,
754 1468 899 1516 eam
933 1451 1253 1518 dilatando
1289 1468 1508 1516 amore
1553 1469 1667 1534 per

121 1556 611 1642 promissionem
662 1559 1056 1623 aeternarum
1109 1559 1604 1625 retributionum
1643 1579 1661 1625 ε

126 1665 298 1740 Quia
350 1670 659 1744 commota
711 1673 807 1736 est
859 1685 975 1751 per
1026 1668 1527 1752 compassionem
1583 1669 1665 1733 ad

121 1771 676 1857 eleemosynarum
717 1773 1126 1857 largitionem
1144 1824 1164 1857 ,
1194 1775 1407 1859 utqui
1455 1776 1663 1841 aliena

120 1880 439 1964 rapiebat,
487 1881 745 1965 propria
787 1882 1121 1964 largiatur.
1182 1882 1360 1948 Unde
1413 1882 1657 1967 Grego-

119 1988 259 2053 rius
288 1989 353 2053 ¹:
402 2010 434 2050 α
471 1987 750 2054 Terrena
792 1990 1013 2054 omnia
1053 1991 1365 2057 servando
1414 1991 1660 2056 amitti-

120 2115 294 2176 mus,
340 2097 677 2179 largiendo
721 2116 1056 2164 servamus
1088 2097 1248 2164 :diu
1291 2098 1464 2164 enim
1509 2117 1659 2163 cum

119 2206 318 2272 rebus
342 2205 575 2271 durare
616 2224 749 2272 non
780 2225 1120 2291 possumus
1137 2256 1159 2288 ,
1204 2208 1358 2291 quia
1382 2212 1494 2273 aut
1540 2225 1662 2273 nos

116 2313 265 2379 illas
291 2313 622 2379 moriendo
649 2314 1013 2380 deseremus
1029 2363 1046 2391 ‚
1095 2318 1213 2392 aut,
1239 2316 1367 2381 illae
1405 2333 1526 2381 nos
1555 2316 1654 2382 vi-

117 2427 344 2488 ventes
397 2421 700 2487 deserunt
751 2424 1096 2506 pereundo.
1151 2424 1496 2506 Agendum
1564 2426 1659 2489 est

114 2548 303 2613 ergo,
333 2532 408 2595 ut
430 2530 747 2613 perituras
770 2532 961 2596 resin
974 2549 1105 2596 non
1126 2533 1472 2616 perituram
1491 2550 1656 2598 mer-

113 2638 336 2704 cedem
361 2638 840 2704 transferamus.
871 2661 901 2700 n
935 2638 1148 2705 Tertio
1168 2640 1483 2705 subinfert
1512 2659 1531 2705 :
1560 2642 1654 2708 Ac

108 2746 371 2814 dimisit
384 2763 413 2827 ;
439 2744 550 2810 ubi
578 2749 836 2810 notatur
881 2764 1090 2830 poenae
1124 2747 1467 2828 relaxatio,
1502 2767 1650 2832 quae

109 2854 305 2920 habet
329 2853 470 2918 fieri
497 2870 613 2936 per
646 2853 1015 2919 instantiam
1050 2856 1298 2921 devotae
1328 2857 1651 2940 supplica-

110 2961 340 3041 tionis,
365 2979 481 3044 per
506 2960 977 3027 vehementiam
1013 2962 1363 3029 dilectionis
1388 2964 1650 3047 divinae,

109 3073 249 3137 sive
296 3068 762 3153 indulgentiam
808 3069 1037 3136 alienae
1089 3070 1472 3137 offensionis.
1522 3071 1644 3138 Ra-

106 3288 304 3354 cundi
353 3288 435 3351 ad
476 3286 717 3367 Deum3
773 3287 1023 3353 ratione
1078 3289 1249 3354 tertii
1304 3290 1385 3355 ad
1438 3291 1649 3374 proxi-

106 3413 316 3462 mum.
348 3394 563 3461 Primo
590 3400 805 3462 autem
832 3398 1118 3463 dimissio
1150 3398 1222 3492 (c)
1251 3404 1367 3464 aut
1400 3399 1648 3466 relaxa·

105 3504 200 3569 tio
226 3504 299 3567 flt
319 3521 434 3586 per
449 3503 815 3569 instantiam
849 3505 1099 3570 devotae
1129 3506 1641 3589 supplicationis;

104 3612 279 3678 unde
304 3612 374 3676 in
402 3610 656 3678 Psalmo
679 3613 703 3650 ³
734 3634 751 3676 z
792 3634 824 3674 ι
845 3611 986 3677 Dixi
1017 3635 1034 3677 :
1067 3612 1447 3691 Confitebon
1479 3620 1544 3681 et
1571 3621 1644 3681 tu

103 3720 407 3787 remisisti
438 3720 830 3804 impietatem
871 3722 1113 3806 peccati
1163 3723 1313 3788 mei.
1353 3722 1478 3789 Pro
1523 3725 1643 3789 hac

104 3829 313 3896 orabit
334 3829 416 3894 ad
446 3835 508 3894 te
543 3830 754 3894 omnis
790 3833 1047 3895 sanctus
1088 3830 1158 3896 in
1200 3835 1487 3916 tempore
1524 3851 1644 3917 op-

100 3941 399 4021 portuno.
432 3958 461 3996 »
496 3935 689 4015 Quasi
715 3937 910 4017 dicat,
940 3954 1090 4001 cum
1117 3943 1406 4021 peccator
1435 3941 1638 4023 poeni-

102 4048 229 4124 tet,
254 4046 317 4109 et
347 4043 729 4124 conteritur,
785 4049 849 4109 et
897 4045 1201 4128 proponit
1255 4046 1517 4112 dicendo
1569 4047 1638 4113 in

100 4151 291 4217 corde
321 4172 338 4216 t
373 4149 744 4230 Confitebor‚
774 4151 1175 4234 propositum
1200 4152 1636 4236 adimplendo;

100 4263 168 4327 ei
200 4263 293 4339 iu,
322 4258 556 4323 scilicet
581 4257 776 4339 Deus,
805 4263 870 4323 et
920 4276 1052 4323 non
1094 4259 1294 4339 alius,
1322 4263 1640 4331 remisisti

99 4368 487 4449 impietatem
531 4367 779 4450 peccati
820 4369 969 4433 mei.
1020 4367 1207 4434 Solus
1253 4369 1427 4434 enim
1469 4371 1637 4437 Deus

97 4481 309 4561 potest
332 4476 672 4554 dimittere,
702 4479 766 4541 et
788 4475 997 4542 delere
1023 4482 1299 4561 peccata,
1322 4479 1471 4545 licet
1497 4500 1639 4564 pec-

97 4592 275 4653 cator
308 4585 624 4651 mediante
657 4584 1011 4651 ministerio
1051 4588 1393 4653 sacerdotis
1426 4590 1638 4655 absol-

95 4699 311 4762 vatur.
341 4693 463 4760 Pro
492 4691 613 4758 hac
633 4738 652 4770 ,
681 4689 920 4756 scilicet
967 4692 1432 4776 misericordia,
1484 4715 1633 4780 quae

94 4801 301 4886 parcit
324 4797 623 4879 faciliter,
653 4798 865 4867 orabit
892 4798 983 4866 ad
1020 4805 1078 4867 te
1122 4803 1333 4868 omnis
1370 4810 1634 4871 sanctus

95 4912 325 4977 devota
351 4925 614 4992 precum
639 4906 963 4985 instantia,
990 4911 1204 4972 tamen
1231 4909 1634 4993 implorando

94 5019 174 5086 in
224 5021 495 5099 tempore
540 5018 892 5098 opportuno
908 5063 930 5096 ,
978 5014 1046 5080 id
1093 5018 1192 5080 est
1232 5021 1519 5101 tempore
1570 5023 1636 5084 et

92 5125 256 5190 loco.
285 5122 364 5189 Et
389 5123 468 5189 de
507 5122 632 5187 hoc
671 5121 963 5187 similiter
1005 5122 1237 5188 dicitur
1259 5125 1283 5161 ⁸
1314 5146 1331 5189 ι
1368 5147 1401 5187 α
1432 5124 1634 5193 Omne

158 5254 177 5290 ¹
215 5254 452 5319 Gregor„
483 5250 690 5308 Mor-al..
728 5251 816 5303 lib.
857 5252 1051 5316 xvlll,
1089 5266 1137 5304 c.
1174 5264 1334 5318 xvin,
1374 5268 1429 5307 n.
1463 5257 1543 5306 28.
1570 5283 1633 5294 -

94 5323 124 5359 ²
143 5323 282 5377 Psoi.
310 5334 457 5388 xxxi,
491 5325 539 5375 Β.
574 5349 627 5363 -
656 5322 681 5360 ⁸
708 5322 914 5385 lauh..
941 5335 1095 5389 tvm,
1127 5324 1209 5376 32.
1240 5352 1296 5363 --
1329 5326 1348 5356 ⁴
1368 5326 1506 5389 Luc„
1537 5338 1632 5392 vu,

93 5397 174 5445 Π.
208 5422 263 5432 -
293 5396 315 5432 ⁸
339 5395 542 5457 Hatita„
577 5407 648 5459 vi,
680 5397 755 5446 12.
785 5420 843 5433 -
873 5396 897 5431 ⁸
923 5394 1069 5459 lbid.,
1098 5398 1178 5460 14,
1209 5400 1285 5447 15.
1314 5423 1375 5435 -
1403 5396 1423 5431 ⁷
1455 5400 1633 5463 Greg„

93 5465 302 5530 scm-ct„
340 5465 429 5519 lib.
464 5466 598 5532 xvi,
636 5480 683 5518 c.
719 5477 905 5532 mm,
933 5466 1002 5520 al.
1030 5478 1228 5532 xxviii,
1257 5482 1310 5520 n.
1345 5471 1424 5533 82,
1462 5469 1630 5536 quoad

3206 460 3325 523 43¹1

1785 587 2073 654 debitum
2099 587 2313 652 dimisi
2339 588 2455 653 tibi
2473 638 2492 670 ‚
2532 587 2837 672 quoniam
2862 590 3107 671 rogasti
3131 608 3257 657 me.
3283 614 3316 654 s

1785 693 2079 761 Secundo
2103 696 2178 760 fit
2212 696 2494 761 dimissio
2542 700 2803 780 propter
2845 696 3320 766 vehementiam

1783 801 2020 868 divinae
2042 801 2421 881 dilectionis;
2460 802 2633 868 unde
2652 803 2677 838 ⁴
2705 825 2721 869 :
2759 826 2792 866 α
2817 803 3232 872 Dimittuntur
3259 808 3321 873 ei

1782 914 2035 993 peccata
2080 911 2318 991 multa,
2367 912 2671 996 quoniam
2701 912 2923 978 dilexit
2944 914 3249 982 multum.
3280 938 3314 978 s

1781 1015 1940 1082 Ecce
1968 1017 2140 1101 quod
2172 1018 2480 1084 Dominus
2505 1020 2729 1102 probat
2763 1020 2952 1085 istam
2980 1022 3321 1089 mulierem

1780 1129 2123 1208 purgatam
2149 1144 2189 1190 a
2214 1131 2467 1209 peccato
2491 1146 2605 1210 per
2629 1128 2926 1193 affectum
2940 1129 3316 1212 dilectioniS,

1778 1250 1855 1297 eo
1883 1233 2057 1317 quod
2082 1234 2272 1298 ardor
2297 1233 2646 1300 dilectionis
2689 1236 2926 1302 divinae
2971 1256 3319 1324 consump-

1777 1343 1947 1406 serat
1973 1341 2045 1406 in
2066 1361 2143 1407 ea
2170 1346 2575 1426 peccatorum
2621 1346 3012 1427 rubiginem.
3062 1346 3191 1413 Nec
3217 1352 3316 1414 est

1775 1447 2193 1530 intelligenda
2217 1451 2339 1516 ista
2374 1453 2720 1533 sententia,
2749 1458 2825 1519 ut
2859 1454 2964 1520 ille
2980 1504 2999 1535 ‚
3029 1457 3141 1538 qui
3166 1457 3316 1541 plus

1773 1560 2162 1638 peccaverat,
2180 1540 2340 1641 ⁸plus
2366 1561 2860 1643 approbaretur;
2891 1564 3002 1629 sed
3030 1566 3309 1630 ostendi-

1770 1667 1880 1728 tur
1908 1665 2104 1747 quod,
2133 1671 2447 1750 quantum
2477 1673 2571 1734 est
2599 1670 2678 1735 de
2702 1671 2948 1736 ratione
2975 1672 3311 1755 obligatio-

1771 1771 1896 1847 nis,
1925 1772 2029 1837 cui
2058 1772 2202 1856 plus
2223 1775 2589 1857 dimittitur,
2607 1778 2751 1861 plus
2769 1778 3120 1861 obligatur,
3151 1799 3308 1865 sup-

1768 1877 1975 1962 posita
1999 1883 2216 1945 tamen
2239 1884 2446 1964 gratia
2463 1933 2482 1965 ‚
2515 1889 2576 1949 et
2603 1886 2983 1952 rectitudine
3009 1888 3309 1954 volunta-

1770 1987 1873 2051 tis.
1903 1985 2064 2052 Nam
2097 1990 2282 2054 multi
2309 1992 2389 2056 ad
2414 2010 2689 2074 magnas
2710 1994 2954 2076 gratias
2979 1979 3301 2078 tenentur,

1766 2095 1878 2178 qui
1920 2096 2169 2177 nullas,
2220 2098 2323 2162 vel
2362 2117 2595 2182 paucas
2637 2102 2931 2167 reddunt.
2974 2101 3186 2168 Tertio
3235 2105 3309 2170 fit

1765 2201 1888 2266 ista
1912 2203 2195 2271 dimissio
2213 2254 2232 2285 ‚
2262 2210 2521 2289 propter
2560 2208 3033 2291 indulgentiam
3072 2210 3301 2279 alienae

1766 2309 2166 2392 offensionis3
2211 2314 2384 2380 unde
2409 2315 2432 2350 ⁵
2466 2334 2484 2381 ε
2527 2338 2561 2378 α
2586 2316 2838 2384 Dimitte
2881 2319 3066 2385 nobis
3092 2319 3305 2385 debita

1764 2422 2000 2498 nostra,
2031 2419 2198 2485 sicut
2235 2426 2299 2485 et
2340 2441 2460 2487 nos
2486 2423 2865 2490 dimittimus
2912 2427 3303 2493 debitoribus

1763 2526 2017 2591 nostris.
2047 2549 2079 2587 n
2116 2527 2333 2593 Debita
2364 2529 2666 2596 dicuntur
2702 2538 2955 2616 peccata
2973 2581 2992 2612 ‚
3025 2534 3178 2619 quia
3201 2536 3299 2600 fa-

1761 2635 1941 2699 ciunt
1963 2654 2080 2701 nos
2104 2637 2418 2705 debitores
2454 2658 2708 2722 eorum,
2738 2661 2886 2726 quae
2916 2663 3048 2710 non
3072 2664 3299 2730 possu-

1761 2761 1906 2808 mus
1933 2746 2203 2811 solvere.
2237 2744 2413 2812 Unde
2440 2747 2521 2812 ad
2548 2766 2772 2818 eorum
2811 2752 3067 2818 veniam
3091 2752 3299 2838 impe-

1757 2853 2050 2917 trandam
2077 2853 2348 2937 requirit
2371 2855 2512 2920 haec
2532 2858 2806 2922 conditio
2837 2880 2854 2922 :
2882 2858 3061 2928 Sicut
3085 2868 3151 2929 et
3176 2879 3295 2931 nos

1757 2959 2153 3029 dimittimus
2180 2961 2566 3032 debitoribus
2582 2968 2845 3033 nostris.
2871 2966 3131 3033 Iustum
3151 2975 3247 3034 est
3274 2989 3293 3035 z

1756 3069 1870 3153 qui
1896 3070 2068 3152 fugit
2101 3070 2319 3153 legem
2356 3073 2710 3139 clementiae
2732 3122 2749 3154 ,
2780 3074 2945 3140 cadit
2971 3076 3037 3139 in
3080 3076 3297 3160 legem
3392 3085 3395 3088 ’

106 3181 281 3246 tione
306 3179 498 3263 primi
523 3178 775 3243 ordinat
799 3178 881 3243 ad
918 3178 1234 3263 seipsum3
1263 3181 1507 3246 ratione
1543 3199 1644 3246 se·
1748 3177 2052 3260 Justitiae3
2085 3184 2148 3244 et
2175 3183 2432 3263 propter
2458 3182 2583 3246 hoc
2609 3181 2839 3247 dicitur
2863 3181 2887 3217 ⁸
2919 3204 2936 3246 ι
2965 3205 2996 3244 ι
3012 3181 3079 3249 Si
3107 3184 3296 3249 dimi·

1755 3287 1964 3351 seritis
2006 3288 2378 3355 hominibus
2414 3292 2668 3373 peccata
2708 3306 2972 3369 eorum,
3025 3291 3296 3359 dimittet

1756 3393 1935 3459 vobis
1959 3393 2148 3461 Pater
2172 3395 2442 3462 coelestis
2473 3400 2727 3480 peccata
2764 3400 2978 3464 vestra
3008 3418 3025 3462 :
3057 3399 3294 3466 sivero

1753 3520 1884 3568 non
1908 3503 2302 3583 dimiseritis,
2327 3521 2447 3569 nec
2476 3504 2662 3570 Pater
2701 3504 2970 3569 coelestis
3020 3505 3295 3573 dimittet

1753 3610 1937 3675 vobis
1971 3616 2228 3694 peccata
2268 3616 2501 3678 vestra.
2536 3633 2567 3671 n
2616 3612 2793 3677 Unde
2840 3610 3190 3695 Gregorius
3213 3615 3237 3651 ‘¹
3268 3634 3288 3680 ε

1761 3740 1793 3780 ι
1820 3717 2130 3784 Dominus
2164 3723 2419 3802 peccata
2468 3719 2726 3785 dimittit
2775 3739 2892 3804 per
2931 3722 3287 3788 misericor·

1752 3825 1923 3891 diam
1948 3847 1965 3892 ε
1994 3825 2223 3910 repetit
2245 3843 2359 3909 per
2378 3827 2769 3911 justitiam.»
2786 3827 3136 3910 Rogemus,
3167 3832 3286 3894 etc.

1813 4061 2190 4140 DOMINIGA
2232 4061 2403 4138 XVII
2446 4062 2632 4138 POST
2674 4061 3228 4139 PENTEGOSTEN.

2151 4235 2444 4308 SERMO
2489 4235 2815 4307 PRIMUS
2848 4248 2894 4304 ⁸.

1828 4372 2080 4456 Diliqes
2112 4372 2454 4439 Dominum
2482 4371 2678 4437 Deum
2712 4378 2896 4439 tuum
2919 4371 2965 4434 ⁹.
3007 4368 3162 4435 Sine
3186 4369 3282 4433 di-

1747 4480 2016 4545 lectione
2045 4479 2279 4544 salvari
2298 4498 2431 4544 non
2458 4496 2821 4561 possumus,
2851 4483 2914 4542 et-
2935 4477 3285 4543 dilectionis

1749 4587 2194 4653 certitudinem
2239 4605 2369 4651 non
2415 4586 2727 4650 habemus
2768 4603 2786 4648 z
2838 4584 3145 4668 probatur
3181 4588 3279 4649 ta·

1748 4714 1921 4775 men,
1948 4698 2012 4759 et
2039 4695 2451 4779 perpenditur
2479 4693 2585 4758 Dei
2620 4692 2872 4759 dilectio
2897 4710 2981 4756 ex
3006 4697 3282 4775 quatuor

1748 4803 1954 4885 signis
1986 4806 2051 4868 et
2078 4803 2409 4868 affectibus
2434 4802 2592 4881 suis,
2621 4800 2909 4865 videlicet
2934 4817 3017 4864 ex
3043 4799 3280 4864 sollici-

1748 4910 1971 4978 tudine
2009 4909 2416 4992 cogitationis
2435 4957 2456 4989 ,
2491 4927 2573 4974 ex
2592 4908 2969 4974 fortitudine
2994 4907 3279 4972 affectio-

3333 4722 3521 4769 Dilectio

3333 4786 3416 4830 Dei
3441 4787 3492 4831 in

3352 4849 3481 4894 nobis

3333 4912 3495 4968 quibus

3341 4976 3484 5029 signis

1746 5020 1873 5098 nis,
1904 5037 1985 5084 ex
2007 5017 2385 5083 rectitudine
2428 5015 2823 5096 intentionis,
2860 5034 2944 5080 ex
2970 5016 3278 5100 prompti·
3305 5038 3516 5095 pnsum

1743 5127 1963 5194 tudIne
1998 5124 2402 5209 operationis.

1746 5256 1974 5295 sensum.
2004 5269 2061 5280 --
2093 5242 2117 5278 ⁸
2153 5243 2300 5293 flunc
2337 5243 2391 5291 et
2419 5240 2550 5290 duos
2575 5252 2684 5304 seq.
2724 5238 3117 5304 habetquoque
3155 5239 3280 5293 edit.

1747 5315 1910 5369 Paris·
1935 5328 2021 5366 an.
2054 5316 2196 5366 1521.
2222 5338 2286 5352 —
2311 5312 2335 5349 θ
2363 5310 2564 5375 natm„
2588 5322 2721 5375 xxii,
2746 5312 2827 5363 37.

1805 5396 1877 5461 (a)
1901 5396 2024 5449 Cot.
2046 5393 2170 5447 edit.
2189 5391 2482 5446 emiza-eat.
2505 5389 2976 5457 -(b)1tsmmat.
2993 5416 3056 5429 —
3072 5390 3134 5460 (c)
3158 5393 3283 5446 [torn
