4059 6317
705 479 826 541 ⁴70

703 628 845 689 sua,
888 610 1002 696 qui
1045 627 1130 675 ne
1176 608 1514 674 videantur
1555 602 1833 670 multum
1860 604 2239 686 peccatores,

703 721 929 788 nolunt
967 720 1177 785 dicere
1209 717 1428 784 omnia
1467 718 1721 801 peccata
1748 730 1867 777 sua
1893 712 2010 776 uni
2037 729 2243 776 sacer-

703 829 857 907 doti,
885 828 995 894 sed
1020 827 1236 910 aliqua
1261 826 1400 904 uni,
1430 825 1645 908 aliqua
1668 820 1850 887 alteri
1870 867 1888 898 ‚
1917 824 1981 884 et
2007 819 2098 883 ita
2130 836 2246 901 per

704 935 1208 1001 circumstantias
1235 937 1491 1017 peccata
1513 928 1839 1006 alleviant,
1864 930 1941 990 ut
1964 925 2147 1008 quasi
2176 944 2245 990 se

703 1043 916 1129 potius
939 1041 1200 1106 laudent
1226 1046 1291 1107 et
1311 1041 1639 1115 excusent,
1665 1054 1862 1121 quam
1884 1034 2247 1117 vituperen-

703 1155 812 1217 tur
840 1155 906 1217 et
931 1152 1249 1215 accusent.
1293 1148 1474 1227 Quod
1512 1146 1868 1211 maximum
1914 1146 2246 1226 peccatum

702 1257 1097 1323 desiderabat
1121 1277 1164 1323 a
1189 1276 1257 1321 se
1283 1255 1598 1323 removeri
1623 1255 1828 1319 bonus
1856 1250 2078 1330 David,
2100 1267 2250 1314 cum

705 1364 953 1430 dicebat
979 1366 998 1401 ¹
1035 1386 1052 1428 z
1090 1387 1121 1426 ι
1151 1363 1290 1428 Non
1321 1361 1597 1428 declines
1621 1378 1732 1425 cor
1762 1374 1980 1423 meum
2005 1359 2074 1421 in
2100 1374 2247 1420 ver-

708 1473 792 1536 ba
821 1470 1080 1536 malitiae
1120 1470 1201 1535 ad
1240 1467 1678 1534 excusandum
1711 1464 2155 1530 excusationes
2180 1463 2249 1526 in

707 1579 996 1664 peccatis.
1025 1601 1058 1639 ι
1093 1579 1174 1645 Et
1197 1578 1351 1663 quia
1375 1577 1545 1655 licet,
1575 1573 1929 1639 ministerio
1956 1571 2248 1636 sacerdo-

707 1688 791 1753 tis
831 1687 1170 1767 mediante,
1213 1690 1470 1770 peccata
1522 1683 1952 1761 remittantur,
1995 1683 2060 1744 et
2098 1678 2254 1761 quia

708 1796 880 1863 solus
911 1795 1076 1861 Deus
1100 1799 1216 1873 est,
1262 1794 1376 1879 qui
1420 1792 1707 1858 effective
1753 1792 2008 1874 peccata
2051 1789 2256 1870 potest

709 1902 1048 1982 dimittere,
1084 1902 1224 1968 ideo
1250 1901 1542 1986 sequitur
1574 1923 1589 1964 t
1631 1900 1801 1966 Dixi
1829 1916 1853 1963 .·
1881 1894 2252 1976 confitebor,

709 2010 773 2075 id
802 2014 917 2090 est,
950 2010 1163 2074 statim
1185 2013 1260 2074 ut
1287 2008 1592 2093 proposui
1626 2004 1934 2084 confiteri,
1975 2004 2169 2068 etiam
2200 2002 2255 2066 si

709 2116 873 2182 desit
908 2121 1160 2201 tempus
1207 2120 1271 2182 et
1323 2116 1526 2193 locuS,
1568 2118 1643 2179 ut
1675 2113 1873 2177 homo
1898 2129 2029 2176 non
2059 2110 2258 2195 possit

711 2241 1039 2290 recurrere
1077 2225 1160 2289 ad
1195 2222 1678 2299 confessionem,
1722 2237 1799 2284 eo
1828 2218 2000 2302 quod
2026 2218 2096 2281 in
2125 2215 2259 2281 sola

711 2331 1111 2412 contritione,
1192 2329 1542 2395 secundum
1605 2328 1866 2392 beatum
1938 2324 2253 2407 Augusti-

712 2456 872 2505 num
913 2439 957 2519 ⁸,
1013 2438 1429 2502 remittuntur
1483 2438 1773 2520 peccata;
1819 2438 1979 2497 tunc
2025 2432 2093 2495 in
2147 2428 2261 2494 tali

714 2564 864 2611 casu
892 2548 988 2623 tu,
1017 2543 1205 2625 Deus,
1236 2549 1303 2609 et
1333 2562 1465 2609 non
1494 2543 1679 2620 alius,
1709 2540 2003 2606 remisisti
2033 2538 2260 2622 impie·

715 2657 906 2718 tatem
947 2652 1186 2735 peccati
1231 2652 1380 2717 mei.
1433 2650 1612 2716 Unde
1646 2648 1858 2714 statim
1888 2665 2039 2712 cum
2066 2646 2263 2711 bomo

715 2761 1014 2843 proponit
1079 2760 1387 2838 confiteri,
1460 2763 1805 2841 antequam
1858 2756 2260 2833 confiteatur,

718 2866 883 2931 Deus
907 2866 1167 2931 dimittit
1193 2869 1467 2950 peccata.
1500 2864 1679 2930 Unde
1702 2864 1783 2929 ad
1803 2860 2264 2928 contessionem

718 2975 1026 3039 contritus
1080 2991 1214 3037 non
1260 2975 1517 3037 tenetur
1571 2975 1831 3055 propter
1887 2968 2267 3035 deletionem

721 3081 981 3165 peccati,
1040 3080 1151 3145 sed
1209 3083 1464 3145 tantum
1511 3083 1769 3162 propter
1812 3076 2268 3159 obligationem

721 3187 1042 3273 praecepti.

802 3294 1015 3361 Tertio
1046 3294 1422 3379 propitiatur
1465 3294 1654 3373 Deus,
1700 3297 1765 3358 et
1807 3294 2068 3362 dimittit
2108 3298 2269 3363 deli-

723 3408 897 3468 ctum
925 3405 1183 3485 propter
1210 3402 1751 3486 aequipollentiam
1790 3403 2133 3485 condignae
2160 3424 2269 3468 sa-

724 3508 1097 3574 tissaetionis
1147 3508 1216 3572 in
1258 3508 1510 3573 effectu.
1564 3508 1742 3574 Unde
1789 3511 1857 3574 in
1905 3509 2157 3577 Psalmo
2198 3512 2267 3576 ⁸:

734 3642 766 3679 α
793 3615 969 3682 Beati
997 3634 1274 3700 quorum
1298 3616 1585 3680 remissae
1613 3620 1764 3681 sunt
1791 3617 2182 3700 iniquitateS,
2212 3626 2274 3685 et

726 3742 1005 3808 quorum
1043 3728 1207 3788 tecta
1244 3728 1395 3788 sunt
1430 3727 1707 3806 peccata.
1740 3722 1969 3788 Beatus
2011 3726 2139 3806 vir,
2171 3727 2277 3791 cui

726 3850 855 3897 non
883 3833 1221 3915 imputavit
1238 3831 1546 3896 Dominus
1561 3834 1915 3914 peccatum,
1942 3850 2062 3897 nec
2089 3838 2183 3898 est
2208 3835 2279 3898 in

728 3939 957 4022 spiritu
994 3941 1134 4022 ejus
1170 3939 1371 4003 dolus,
1402 3960 1433 3999 ι)
1473 3940 1657 4005 Beati
1698 3954 1971 4021 quorum
1995 3942 2283 4007 renuissoe

730 4054 883 4114 sunt
907 4040 1311 4130 iniquitates,
1333 4064 1446 4129 per
1472 4049 1681 4112 veniae
1713 4047 2239 4112 condonationem
2260 4071 2278 4127 ;

733 4160 795 4220 et
833 4168 1100 4237 quorum
1144 4158 1311 4220 tecta
1355 4157 1508 4219 sunt
1545 4160 1831 4236 peccata,
1872 4171 1985 4235 per
2019 4153 2284 4220 offensae

734 4262 1221 4327 satisfactionem
1232 4308 1248 4325 .
1266 4259 1446 4325 Unde
1458 4259 1759 4325 dicuntur
1774 4265 2024 4342 peccata
2044 4262 2204 4344 tegi,
2223 4266 2286 4327 et

735 4388 868 4434 non
894 4385 1222 4452 apparere,
1259 4368 1512 4452 quando
1540 4368 1757 4446 hom0,
1801 4369 2154 4434 secundum
2191 4370 2284 4434 of·

736 4479 1004 4554 sensam,
1047 4475 1439 4558 condignam
1476 4474 1968 4539 satisfactionem
2016 4470 2225 4540 reddit
2268 4497 2284 4537 ε

739 4586 921 4669 quia,
999 4583 1353 4648 secundum
1418 4583 1677 4648 beatum
1744 4582 2185 4664 Augustinum
2238 4583 2286 4661 ⁸,

747 4718 779 4755 α
810 4711 939 4758 non
970 4692 1380 4756 dimittuntur
1407 4695 1660 4774 peccata
1680 4740 1697 4770 ,
1727 4691 1851 4754 nisi
1874 4690 2292 4785 restituantur

741 4800 971 4866 ablata.
1006 4822 1038 4860 ι
1068 4801 1306 4867 Beatus
1331 4800 1443 4866 cui
1468 4814 1597 4864 non
1617 4799 1963 4881 imputavit
1985 4798 2293 4863 Dominus

737 4914 1089 4992 peccatum,
1144 4912 1403 4992 propter
1466 4907 1856 4991 poenitentiae
1909 4906 2289 4988 assumptio-

744 5037 932 5097 nem;
959 5034 1073 5083 nec
1100 5024 1190 5085 est
1223 5018 1297 5082 in
1334 5017 1576 5098 spiritu
1617 5014 1755 5098 ejus
1794 5012 2003 5093 dolus,
2040 5031 2154 5096 per
2180 5030 2294 5076 no-

745 5126 900 5190 titiae
930 5129 1014 5205 (a)
1042 5123 1535 5189 restitutionem.
1572 5121 1751 5187 Unde
1780 5120 2187 5204 Augustinus
2216 5119 2238 5155 ⁸
2271 5139 2287 5185 ε

811 5252 827 5287 ¹
857 5250 996 5303 Ptol.
1033 5263 1163 5315 exn,
1202 5252 1249 5302 4.
1277 5276 1339 5288 —
1367 5250 1387 5281 ²
1420 5251 1630 5316 August.
1662 5275 1716 5286 —
1751 5248 1770 5279 ³
1799 5246 1935 5299 Ptol.
1973 5258 2118 5311 xxxi,
2157 5252 2206 5297 1.
2230 5270 2293 5284 -

748 5325 768 5359 ⁸
804 5326 1038 5391 August„
1063 5322 1134 5373 ad
1158 5320 1364 5387 Maced„
1410 5321 1560 5386 epist.
1598 5332 1753 5383 cnm,
1783 5334 1838 5372 n.
1874 5322 1952 5371 20.
1981 5346 2045 5357 —
2076 5321 2097 5354 ⁸
2128 5317 2200 5369 ld.
2230 5344 2294 5355 —

751 5398 770 5426 ⁸
811 5394 1015 5458 Ephes„
1056 5406 1127 5458 ιν,
1159 5393 1239 5444 32.
1270 5419 1329 5432 -
1371 5394 1394 5430 '¹
1428 5393 1687 5457 Ambros„
1729 5392 1812 5442 vel
1852 5391 2020 5459 quivis
2054 5389 2202 5453 alius,
2238 5388 2291 5438 iu

755 5467 929 5534 Epist.
953 5465 1025 5515 ad
1054 5464 1249 5531 Ephe-5„
1279 5476 1345 5515 w.

1807 463 2224 532 SERMONES
2266 464 2367 532 DE
2407 460 2805 532 TEMPORE.

2363 623 2396 664 ι
2426 599 2802 667 Poenitentia
2826 603 2923 665 est
2948 618 3051 666 res
3075 601 3346 686 optima,
3369 618 3526 686 quae
3549 618 3785 667 omnes
3804 602 3901 669 de-

2352 707 2553 772 fectus
2579 707 2754 772 ducit
2777 706 2859 772 ad
2888 708 3263 790 perfectum.
3294 729 3327 767 ι

2436 814 2647 882 Tertio
2668 817 2738 881 in
2764 816 2961 883 verbo
2998 817 3322 901 proposito
3361 815 3606 880 indicat
3636 815 3906 884 debitam

2357 924 2776 1007 diligentiam,
2806 930 2872 990 et
2896 924 3018 991 boc
3057 927 3129 990 in
3174 925 3633 1010 exemplorum
3676 928 3905 994 exhilii-

2356 1034 2551 1111 tione,
2581 1052 2730 1099 cum
2758 1034 3071 1099 subinfert
3105 1057 3120 1099 :
3163 1034 3387 1101 Nonne
3426 1050 3582 1118 erqo
3609 1040 3903 1118 oportum

2356 1146 2476 1207 etc.
2510 1140 2689 1206 Unde
2724 1140 2993 1224 quilibet
3033 1144 3286 1206 tenetur
3325 1142 3437 1206 alii
3484 1142 3787 1207 miseren·
3810 1146 3907 1209 tn·-

2358 1248 2639 1333 pliciter:
2657 1248 2867 1331 primo
2880 1266 2961 1313 ex
2977 1248 3485 1314 consideratione
3508 1252 3793 1334 suseepti
3817 1253 3907 1317 bs-

2358 1356 2568 1423 neflcii
2590 1380 2607 1435 3
2634 1357 2912 1422 secundo
2937 1374 3021 1421 ex
3049 1355 3559 1423 consideratione
3590 1358 3797 1423 divini
3816 1380 3906 1426 ex·

2359 1464 2595 1547 empli;
2624 1464 2812 1528 tertio
2850 1482 2934 1528 ex
2973 1463 3478 1529 consideratione
3506 1466 3746 1531 aeterni
3770 1486 3903 1551 sup·

2358 1572 2555 1655 plicii.

2442 1666 2657 1743 Primo
2690 1681 2944 1742 tenetur
2983 1676 3252 1762 quilibet
3293 1678 3597 1744 misereri
3622 1680 3834 1761 alteri,
3858 1688 3908 1747 et

2360 1787 2679 1852 dimittere
2732 1784 3067 1865 offensam,
3125 1787 3367 1851 ratione
3410 1789 3703 1872 suscepti
3740 1790 3908 1856 bene-

2361 1894 2512 1973 ficii,
2541 1898 2607 1957 et
2629 1893 2707 1957 de
2735 1892 2859 1956 hoc
2883 1891 3114 1956 dicitur
3147 1891 3218 1957 in
3257 1891 3623 1975 Evangelio
3681 1921 3699 1961 :
3744 1896 3907 1964 Servi

2361 2016 2661 2085 nsquam,
2677 2016 2857 2067 omne
2875 1998 3158 2066 debitum
3175 1996 3406 2066 dimisi
3431 2000 3583 2078 tibi,
3608 2007 3909 2086 macram

2362 2110 2609 2193 roqasti
2635 2124 2733 2174 me
2762 2125 2785 2172 .·
2814 2108 3034 2175 Nonne
3066 2124 3210 2192 erqo
3236 2111 3521 2192 oportuit
3549 2116 3617 2177 ct
3648 2116 3713 2178 tc
3740 2114 3907 2179 nise-

2362 2216 2821 2285 rericcnscrvi
2862 2217 3188 2294 madent
3228 2224 3428 2300 σεθου
3470 2219 3913 2288 nammis

2363 2341 2508 2391 sum
2524 2330 2552 2388 2
2579 2324 2662 2390 Et
2688 2325 2903 2391 iratus
2930 2324 3269 2401 Dominus,
3296 2328 3416 2388 etc.
3451 2325 3625 2403 Quia
3654 2327 3917 2393 detesta-

2364 2430 2491 2496 bile
2544 2435 2641 2495 est
2677 2428 2858 2494 alteri
2916 2428 3235 2511 denegare
3279 2431 3631 2497 crudeliter
3682 2435 3918 2500 benefi-

2367 2539 2561 2618 cium,
2610 2536 2782 2621 quod
2830 2537 2952 2600 sibi
2990 2538 3394 2618 recognoscit
3423 2539 3925 2608 misericorditer

2370 2646 2753 2723 exhibitum,
2807 2649 3063 2728 propter
3093 2644 3215 2709 hoc
3245 2647 3497 2728 justum
3546 2651 3613 2713 et
3655 2649 3927 2732 dignum

2370 2752 2493 2817 fuit
2511 2756 2582 2817 ut
2597 2751 2727 2831 ille,
2750 2751 2861 2835 qui
2880 2750 3088 2816 noluit
3108 2750 3289 2815 alteri
3305 2752 3596 2819 misereri
3610 2774 3706 2821 ex
3734 2759 3932 2823 consi-

2371 2859 2695 2924 deratione
2712 2857 3002 2922 beneficii
3028 2858 3288 2941 accepti,
3318 2859 3387 2923 in
3414 2862 3931 2931 consideratione

2372 2967 2584 3032 delicti
2615 2968 2999 3049 increpetur,
3031 2970 3094 3031 et
3115 2972 3424 3050 tanquam
3454 2967 3792 3052 indignus
3829 2992 3927 3037 m-

2375 3081 2586 3160 scepto
2636 3075 2945 3141 beneflcio
3004 3075 3383 3159 expolietur.
3458 3075 3649 3143 Unde
3714 3082 3935 3145 merito

2377 3181 2565 3260 DeuS,
2613 3182 2783 3264 quod
2819 3181 3201 3246 exhibuerat
3235 3200 3351 3265 per
3400 3183 3933 3263 misericordiam,

2376 3290 2602 3373 repetit
2644 3308 2758 3373 per
2793 3289 3129 3373 Justitiam.
3188 3288 3259 3355 Et
3296 3290 3422 3355 hoc
3454 3296 3554 3356 est
3580 3295 3769 3376 quod
3796 3295 3937 3360 dicit

2379 3398 2757 3463 Ambrosius
2783 3417 2974 3482 super
3002 3398 3160 3464 illud
3187 3399 3267 3464 ad
3293 3399 3604 3482 Ephesios
3624 3404 3697 3467 ⁸:
3733 3404 3939 3472 Estote

2380 3507 2659 3572 invicem
2686 3504 3148 3586 misericordes,
3182 3510 3297 3571 etc.
3327 3505 3351 3541 '¹
3376 3530 3409 3568 ι
3433 3506 3505 3572 Si
3526 3509 3716 3574 enim
3744 3510 3944 3576 Domi-

2382 3632 2504 3678 nus
2530 3631 2645 3696 per
2672 3613 2878 3677 filium
2903 3631 3101 3678 suum
3130 3632 3465 3679 servorum
3497 3616 3941 3696 misertusest,

2383 3725 2624 3805 quanto
2651 3720 2863 3802 magis
2894 3722 3065 3785 servi
3103 3720 3225 3804 ipsi
3260 3721 3539 3787 invicem
3575 3725 3691 3788 sui
3717 3725 3945 3791 debent

2386 3828 2702 3906 misereri,
2731 3832 2796 3893 et
2823 3828 3083 3909 donare,
3113 3829 3167 3893 si
3193 3830 3353 3893 alter
3377 3830 3447 3893 in
3481 3830 3771 3896 alterum
3810 3853 3947 3917 pec·

2388 3939 2528 4001 cet?
2560 3935 2712 4000 Haec
2738 3940 3055 4019 praecepta
3082 3942 3232 4001 suut
3260 3939 3423 4020 eim,
3454 3938 3570 4021 qui
3603 3940 3948 4005 miseratus

2390 4047 2486 4108 est
2535 4061 2553 4107 z
2602 4043 2719 4126 qui
2766 4041 2822 4106 si
2849 4042 2919 4106 in
2966 4041 3070 4106 his
3113 4047 3516 4128 contemptus
3548 4045 3780 4129 fuerit,
3822 4049 3948 4112 sine

2390 4149 2586 4214 dubio
2613 4149 2939 4213 revocabit
2963 4150 3363 4230 sententiam,
3392 4169 3508 4234 per
3534 4171 3744 4237 quam
3778 4157 3953 4220 mise-

2391 4256 2729 4321 ricordiam
2757 4254 3036 4321 dederat.
3068 4279 3100 4316 n

2475 4362 2764 4429 Secundo
2795 4366 3049 4427 tenetur
3073 4364 3344 4448 quilibet
3379 4366 3700 4449 misereri,
3753 4376 3825 4435 et
3860 4371 3953 4437 di·

2399 4472 2653 4536 mittere
2680 4469 2855 4534 alteri
2886 4487 2969 4534 ex
2998 4472 3500 4538 consideratione
3521 4475 3731 4541 divini
3762 4476 3949 4543 hene·

2399 4579 2550 4643 ficii.
2601 4576 2678 4642 Et
2716 4577 2842 4642 hoc
2874 4582 2971 4644 est
3004 4580 3177 4661 quod
3206 4581 3437 4647 dicitur
3468 4605 3485 4643 :
3533 4582 3763 4652 Estote
3794 4588 3952 4654 ittoi-

2397 4704 2531 4754 ccm
2556 4684 3020 4767 misericordes,
3060 4688 3341 4773 beniqni,
3379 4692 3828 4763 condonantes
3854 4698 3949 4763 in·

2398 4795 2626 4873 vicem,
2653 4795 2823 4879 sicut
2859 4801 2919 4860 et
2954 4794 3118 4862 Deus
3145 4800 3220 4863 in
3249 4797 3499 4866 Christo
3525 4800 3715 4868 nobis
3747 4802 3827 4885 (b)
3856 4802 3953 4869 do·

2398 4903 2607 4968 navit.
2644 4899 2982 4983 Apostolus
3019 4908 3094 4967 ut
3128 4904 3374 4970 facilius
3410 4906 3647 4972 alliciat
3685 4908 3774 4974 ad
3808 4928 3951 4974 eon-

2397 5007 2764 5073 donandum
2794 5007 3067 5073 invicem
3094 5010 3428 5089 offensam,
3458 5013 3709 5078 inducit
3748 5015 3949 5100 quod·

2398 5114 2546 5179 dam
2582 5113 2955 5181 rationabile
2992 5118 3332 5200 motivum,
3375 5118 3613 5186 scilicet
3653 5122 3951 5188 divinum

2399 5221 2764 5304 exemplum
2809 5222 3256 5291 misericordiae
3305 5227 3654 5293 clementer
3705 5231 3952 5295 condo·

2400 5331 2615 5394 nantis
2640 5328 2889 5408 delicta,
2916 5350 3068 5396 cum
3093 5332 3244 5398 dicit
3274 5353 3291 5398 ε
3338 5336 3551 5404 Estote
3586 5340 3951 5405 Νεστίων·

2466 5456 2531 5518 (a)
2557 5453 2669 5519 Lep.
2702 5466 2794 5518 per
2817 5455 3007 5519 justam
3029 5456 3198 5509 ablati.
3226 5485 3289 5499 -
3316 5459 3387 5526 (ὁ)
3418 5461 3572 5531 vulg.
3608 5460 3773 5514 υοὸἰε.
