4059 6317
1154 521 1258 589 DE
1296 518 1860 589 EXALTATtoNE
1897 520 1967 586 S.
2011 519 2309 589 GRUCIS.

121 660 232 721 ris.
282 680 316 717 ι
371 661 438 719 st
473 657 687 719 iterum
723 655 1049 717 Bernartius
1094 657 1176 715 ait
1213 659 1230 694 ¹
1280 675 1295 715 ε
1345 676 1377 710 «
1416 659 1539 716 Hoc
1578 659 1687 729 est,

120 755 295 815 bone
318 756 480 823 Jesu,
498 750 668 828 quod
684 743 1066 813 devotionem
1080 765 1280 811 meam
1305 750 1442 826 plus
1462 755 1684 821 movet,

118 848 270 924 plns
292 850 508 921 urget:
537 844 714 918 calix,
744 845 1020 919 Domine,
1050 860 1232 920 quem
1269 844 1505 916 bibisti,
1534 858 1688 918 opus

119 939 566 1017 redemptionis
591 942 824 1000 nostrus.
853 961 884 993 ι»
929 939 1093 999 Unde
1120 938 1196 999 de
1235 939 1351 997 hoe
1375 936 1689 1011 exponitur

119 1034 289 1094 illud
314 1038 342 1071 ²
377 1052 392 1093 z
424 1033 655 1093 «Radix
679 1037 858 1104 lesse,
884 1033 990 1108 qui
1014 1036 1127 1095 stat
1151 1033 1214 1091 in
1238 1032 1476 1105 signum
1495 1048 1694 1106 popu·-

120 1129 366 1199 lorum,
390 1127 588 1203 ipsum
612 1131 814 1199 gentes
839 1126 1337 1212 deprecabuntur.
1367 1147 1397 1180 a
1430 1125 1517 1185 Ad
1539 1124 1690 1185 litte·

119 1237 263 1283 ram
313 1221 396 1281 de
429 1221 656 1282 Christo
681 1219 968 1295 loquitur,
1006 1220 1114 1295 qui
1137 1219 1265 1277 tuit
1305 1218 1500 1291 radix,
1546 1218 1690 1293 quia

123 1317 282 1375 sicut
308 1315 485 1375 radix
504 1317 592 1373 est
619 1315 880 1390 primum
905 1314 1364 1373 fundamentum
1389 1315 1449 1370 ct
1467 1315 1690 1371 susten-

122 1414 466 1489 tamentum
494 1409 667 1469 totius
705 1408 955 1481 arboris,
997 1407 1083 1465 sic
1125 1407 1383 1467 Christus
1409 1409 1498 1465 est
1532 1406 1689 1465 radi·

127 1503 262 1562 cale
305 1501 669 1577 principium
705 1502 902 1565 omnis
946 1501 1147 1575 gratie
1189 1500 1527 1575 spiritualis.
1569 1500 1686 1559 Sed

125 1597 226 1657 hic
254 1597 324 1654 in
347 1613 520 1656 cruce
546 1596 774 1671 positus
800 1599 888 1655 est
923 1596 989 1654 in
1019 1594 1279 1668 signum,
1325 1598 1392 1652 ut
1422 1594 1569 1653 dum
1605 1595 1686 1653 ab

128 1690 424 1751 omnibus
449 1689 769 1762 videretur,
797 1705 1005 1749 omncs
1031 1704 1172 1749 eum
1205 1687 1686 1762 deprecarentur,

126 1792 195 1847 ut
232 1785 421 1846 nobis
465 1784 936 1845 misericordiam
986 1784 1343 1858 impetraret.
1385 1787 1516 1844 Non
1559 1788 1686 1857 est,

125 1880 367 1952 fratres,
396 1879 800 1939 recedendum
826 1895 865 1939 a
897 1879 1098 1952 corde,
1131 1895 1259 1939 non
1285 1879 1686 1939 recedendum

127 1974 208 2033 ab
239 1988 464 2049 opere:
494 1972 610 2032 hoc
635 1973 874 2045 signum
910 1972 1087 2032 nobis
1121 1976 1210 2032 est
1248 1973 1688 2048 imperativum.

129 2067 298 2127 Unde
326 2066 547 2126 dicitur
577 2066 643 2125 in
669 2066 872 2126 Exodo
894 2067 918 2103 ⁸
944 2066 1024 2141 (et
1053 2066 1319 2141 loquitur
1343 2068 1421 2127 de
1446 2067 1690 2139 Pascha,

129 2161 194 2221 in
219 2177 352 2236 quo
377 2161 577 2237 passio
607 2160 911 2221 Dominica
936 2164 1021 2218 est
1052 2160 1304 2236 signata)
1331 2178 1346 2218 ε
1382 2180 1414 2217 α
1436 2160 1555 2221 Erit
1569 2160 1688 2221 hoc

130 2255 310 2330 quasi
336 2254 579 2329 signum
605 2250 670 2313 in
698 2269 883 2313 manu
910 2256 1036 2326 tua,
1058 2257 1119 2312 et
1141 2253 1312 2329 quasi
1337 2270 1690 2315 monumen-

131 2352 260 2408 tum
287 2351 426 2409 ante
454 2348 660 2408 oculos
681 2351 816 2408 tuos
844 2366 913 2407 :n
941 2350 1116 2425 quasi
1140 2349 1297 2408 dicat
1324 2368 1340 2408 ε
1371 2353 1519 2413 Cum
1546 2368 1688 2411 con-

131 2442 381 2503 verteris
409 2458 516 2501 cor
540 2446 713 2501 tuum
739 2443 821 2501 ad
856 2444 1127 2517 agenda,
1172 2444 1290 2503 hoc
1311 2445 1423 2504 erit
1448 2445 1554 2505 tibi
1576 2462 1688 2519 pro

133 2537 306 2611 signo
335 2536 403 2595 in
429 2548 616 2597 manu
630 2555 649 2609 3
678 2537 726 2594 si
763 2552 908 2595 vero
950 2536 1032 2595 ad
1059 2538 1398 2611 cogitanda,
1439 2539 1549 2598 erit
1580 2539 1688 2599 tibi

131 2646 245 2704 pro
287 2630 465 2704 signo
504 2632 641 2688 ante
685 2629 912 2689 oculos.
956 2630 1120 2689 Unde
1161 2634 1570 2692 Ecclesiasticus
1608 2630 1631 2666 ⁴
1669 2651 1685 2692 t

139 2741 171 2779 α
193 2723 458 2784 Gratiam
481 2722 849 2796 fideiussoris
876 2724 962 2781 tui
987 2739 1064 2783 ne
1088 2725 1454 2785 obliviscaris
1480 2743 1497 2784 z
1523 2726 1690 2785 dedit

136 2816 298 2876 enim
321 2833 439 2892 pro
470 2821 523 2875 te
547 2816 811 2876 animam
838 2832 1029 2876 suam.
1058 2838 1088 2874 n
1127 2819 1281 2888 Quid
1301 2835 1414 2893 pro
1443 2823 1498 2878 te
1541 2820 1688 2879 dare

134 2914 330 2987 maius
357 2912 527 2972 aliud
546 2913 783 2987 potuit?
810 2916 964 2990 Ergo
993 2912 1097 2988 qui
1124 2929 1236 2989 pro
1272 2916 1329 2972 te
1358 2913 1526 2973 dedit
1558 2914 1689 2973 ani·

133 3022 318 3078 mam,
345 3022 476 3067 non
499 3006 672 3065 faciet
694 3010 890 3065 tecum
911 3006 1396 3080 misericordiam,
1417 3008 1467 3066 si
1488 3012 1689 3066 tamen

133 3100 276 3159 tanti
301 3100 583 3160 beneficii
606 3115 733 3159 non
765 3099 1086 3160 inveniaris
1121 3101 1387 3174 ingratus
1404 3103 1434 3160 τ
1478 3102 1688 3177 Accipe

134 3193 248 3253 hoc
282 3195 632 3269 exemplum
667 3194 825 3254 beati
864 3195 1038 3269 Carpi
1065 3196 1087 3231 ⁸
1102 3236 1125 3267 ,
1156 3195 1324 3269 quod
1348 3195 1591 3271 ponitur
1624 3194 1689 3255 in

134 3290 454 3363 legendis,
482 3289 579 3348 cui
613 3289 871 3348 Christus
898 3289 1067 3361 dixit,
1099 3290 1266 3365 quod
1294 3293 1420 3348 erat
1447 3292 1689 3365 paratus

136 3381 346 3442 iterum
389 3399 505 3459 pro
559 3382 970 3458 peccatoribus
1013 3383 1299 3457 crucifigi.
1356 3386 1403 3444 Ο
1453 3401 1691 3444 summa

133 3477 342 3549 pietas,
378 3492 734 3552 summaque
776 3477 1191 3537 misericordia
1229 3477 1462 3537 Domini
1488 3479 1688 3538 Salva-

135 3570 297 3643 toris,
327 3571 438 3647 qui
465 3587 602 3631 cum
629 3574 751 3630 tota
775 3571 875 3630 die
913 3571 1250 3631 offendatur
1274 3587 1313 3631 a
1336 3572 1537 3644 nobis,
1562 3589 1688 3632 non

135 3666 332 3723 tamen
356 3664 539 3724 nobis
573 3681 684 3724 sua
718 3664 1012 3724 beneficia
1053 3665 1317 3736 retrahit,
1363 3666 1474 3725 sed
1498 3667 1686 3726 conti-

133 3772 315 3816 nuam
337 3758 809 3818 misericordiam
851 3758 1029 3818 nobis
1071 3758 1385 3835 impendit,
1427 3762 1483 3818 et
1526 3776 1687 3820 nunc

133 3865 238 3925 per
279 3851 515 3911 interna
537 3851 790 3912 concilia
806 3894 826 3924 ,
857 3867 1019 3911 nunc
1040 3868 1150 3927 per
1177 3853 1470 3913 exteriora
1493 3854 1687 3913 carnis

135 3945 407 4015 verbera,
440 3960 600 4003 nunc
632 3960 741 4020 per
780 3945 1089 4020 Scripturas
1120 3946 1498 4015 documenta,
1523 3963 1686 4008 nunc

135 4052 239 4111 per
262 4038 579 4105 beneficia,
609 4043 666 4098 et
680 4055 840 4099 nunc
860 4042 1079 4099 oeterna
1098 4041 1527 4104 comminando
1548 4060 1685 4119 sup-

136 4129 310 4202 plicia
326 4175 349 4204 ,
373 4134 660 4208 bonaque
683 4133 1085 4208 promittendo
1112 4138 1329 4194 aeterna
1339 4176 1360 4208 ‚
1387 4152 1501 4195 nos
1529 4139 1688 4212 cogit

139 4223 217 4282 ad
239 4241 496 4301 regnum
517 4228 532 4282 !
562 4229 716 4301 Ergo
739 4244 885 4286 crux
904 4230 989 4287 est
1004 4228 1244 4301 signum
1259 4230 1686 4292 misericordiis

137 4314 507 4379 donativum.

206 4412 379 4472 Sexto
428 4416 519 4472 est
563 4412 803 4488 signum
846 4415 1238 4474 morientibus
1282 4417 1360 4476 ab
1415 4418 1686 4479 hostibus

141 4501 524 4566 «intensivum.
562 4510 693 4566 Non
719 4511 838 4567 tute
865 4507 999 4582 quis
1037 4509 1263 4581 transit,
1295 4511 1403 4570 ubi
1426 4512 1687 4574 lenones

141 4600 290 4657 stant
315 4599 380 4659 in
413 4600 678 4674 insidiis,
719 4600 834 4659 nisi
872 4601 1158 4660 vexillum
1205 4603 1430 4665 deferat
1473 4611 1686 4667 sanctae

143 4691 326 4751 oeucis
353 4712 371 4750 ε
401 4710 567 4765 nam,
592 4694 709 4754 hoc
735 4694 907 4769 signo
933 4695 1254 4756 victorioso
1280 4698 1432 4769 viso,
1459 4704 1684 4760 terren-

143 4783 234 4841 tur
255 4787 608 4847 mirabiliter
641 4788 962 4862 doemones,
1001 4788 1281 4863 fugantur
1313 4791 1530 4866 hostes,
1573 4810 1685 4855 nee

146 4883 623 4957 appropinquare
642 4883 864 4941 audent
888 4883 1213 4945 daemones.
1244 4886 1407 4945 Unde
1434 4889 1683 4963 quando

147 4972 434 5045 quisclsc
460 4976 702 5051 ungitur
736 4977 802 5035 in
825 4979 1131 5048 extremis,
1174 4997 1318 5039 crux
1355 4981 1443 5040 ibi
1471 4982 1684 5043 dimitti

148 5061 210 5120 in
254 5070 545 5129 auxilium
588 5069 893 5130 morientis
929 5074 1257 5147 consuevit,
1301 5078 1369 5136 ut
1412 5092 1485 5136 ea
1530 5077 1680 5151 visa,

215 5236 226 5264 ¹
261 5238 432 5305 Rern„
464 5242 516 5292 iu
546 5241 714 5301 Cant„
741 5255 898 5295 serm.
932 5256 1022 5307 xx,
1049 5258 1106 5295 n.
1134 5249 1182 5296 2.
1212 5273 1274 5284 —
1299 5248 1321 5282 ²
1345 5248 1466 5312 Isa„
1495 5262 1571 5313 κε,
1603 5254 1679 5300 10.

151 5328 211 5341 —-
238 5306 259 5341 ⁸
285 5310 463 5371 Επεὶ,
490 5325 610 5375 1111,
638 5316 686 5363 9.
714 5339 764 5348 -
805 5315 821 5343 ⁴
858 5314 1038 5378 Eccli„
1066 5329 1214 5379 xxxx,
1244 5322 1321 5368 20.
1349 5345 1409 5356 -—
1437 5321 1458 5355 Β
1483 5321 1555 5369 De
1581 5319 1681 5371 hoc

161 5375 215 5425 Β.
241 5380 435 5446 Carpo,
462 5384 625 5435 sancti
662 5383 804 5435 Pauli
830 5386 1056 5449 Apostoli
1088 5387 1364 5451 discipulo,
1392 5390 1557 5454 deque
1583 5391 1680 5442 hac

160 5448 331 5503 eadem
357 5468 413 5507 re
438 5456 617 5507 Petrus
653 5456 718 5509 de
743 5457 961 5511 Natsub.
991 5458 1044 5511 in
1084 5459 1324 5525 Cataloyo
1363 5462 1676 5531 Sanctorum,

3216 523 3336 588 50⁹

1796 654 2155 714 eonfortetur
2171 655 2463 727 infirmus,
2478 658 2537 714 et
2552 658 2838 716 terreatur
2855 656 3152 717 diabolus.
3173 656 3337 717 Unde

1798 748 2022 809 dictum
2057 748 2145 806 est
2181 748 2245 807 in
2278 748 2471 823 figura
2514 750 2593 808 ab
2632 750 2857 823 Angelo
2891 764 3241 825 percussore
3266 752 3289 815 ⁸.
3318 770 3334 812 ε

1803 862 1833 898 α
1859 843 1979 901 Erit
2014 842 2188 901 vobis
2216 843 2454 915 sanguis
2481 842 2545 901 in
2570 844 2827 917 signum,
2867 848 2926 902 et
2949 844 3170 903 videbo
3199 862 3338 905 san-

1795 926 2062 1010 guinem,
2088 939 2148 993 et
2169 935 2432 995 transibo
2460 952 2589 1008 vos,
2612 953 2723 996 nee
2746 938 2856 996 erit
2870 939 2935 996 in
2959 938 3134 997 vobis
3159 939 3338 1015 plaga

1797 1030 2167 1105 disperdens,
2187 1030 2431 1105 quando
2448 1046 2792 1106 percussero
2812 1036 3028 1091 terram
3042 1034 3333 1110 AEgypti.»

1796 1129 1863 1185 Et
1882 1129 2124 1200 propter
2149 1124 2264 1184 hoc
2294 1124 2508 1185 dicitur
2532 1126 2756 1198 Angelo
2777 1127 3106 1200 percussori
3126 1130 3149 1165 ⁷
3177 1147 3193 1187 ε
3224 1129 3341 1190 «Si-

1796 1234 1917 1292 gna
1938 1219 2102 1278 Thau
2125 1235 2303 1292 super
2327 1217 2551 1277 frontes
2587 1219 2854 1279 virorum
2895 1221 3257 1293 gementium
3283 1227 3343 1283 et

1797 1315 2145 1374 dolentium.
2175 1335 2205 1371 ι»
2239 1318 2305 1374 Et
2324 1314 2599 1375 subditur
2624 1316 2745 1375 ibi:
2785 1336 2816 1372 ι
2842 1320 3032 1392 Super
3047 1333 3231 1392 quem
3255 1318 3341 1376 vi-

1798 1408 1997 1468 deritis
2015 1410 2257 1482 signum
2271 1409 2453 1480 Thau,
2469 1424 2547 1468 ne
2573 1410 2871 1470 occidatis.
2891 1432 2921 1468 ι)
2946 1415 3100 1484 Ergo
3119 1412 3171 1469 si
3185 1412 3341 1471 nulli

1794 1503 2075 1578 parcitur,
2102 1502 2210 1561 sed
2235 1502 2430 1561 omnis
2456 1502 2743 1563 occiditur
2770 1520 2949 1579 super
2973 1518 3154 1579 quem
3178 1506 3341 1565 Thau

1795 1612 1919 1655 non
1942 1597 2269 1667 invenitur,
2321 1599 2501 1656 restat
2542 1596 2710 1673 quod
2745 1599 2933 1657 crucis
2970 1599 3211 1673 signum
3255 1603 3342 1659 est

1795 1690 2176 1750 morientium
2215 1690 2603 1751 defensivum.
2673 1695 2819 1752 Nam
2858 1696 2917 1750 et
2950 1691 3026 1750 de
3072 1693 3341 1767 quodam

1795 1784 2001 1844 Judoeo
2030 1788 2231 1844 narrat
2255 1785 2569 1858 Gregorius
2591 1787 2637 1857 ⁸,
2665 1786 2834 1860 quod
2864 1786 3011 1845 dum
3035 1786 3098 1845 in
3138 1785 3338 1861 quod-

1796 1878 1937 1937 dam
1979 1878 2270 1952 templum
2305 1878 2610 1939 idolorum
2652 1883 2894 1954 propter
2946 1882 3183 1939 noctem
3227 1881 3340 1940 ali-

1795 1973 2042 2048 quando
2069 1972 2451 2046 declinasset,
2499 1988 2573 2033 eo
2601 1974 2772 2049 quod
2810 1974 2977 2034 aliud
3013 1974 3341 2050 hospitium

1794 2066 2014 2125 habere
2041 2082 2167 2126 non
2200 2069 2419 2142 posset,
2463 2067 2697 2141 timens,
2734 2068 3012 2142 quamvis
3043 2068 3109 2127 in
3146 2069 3341 2128 Cruci·

1793 2161 1983 2219 fixum
2007 2176 2132 2220 non
2157 2161 2422 2221 crederet
2438 2204 2459 2234 ,
2484 2161 2679 2221 crucis
2704 2161 3009 2234 signaculo
3049 2178 3114 2221 se
3140 2161 3339 2223 muni·

1794 2255 1880 2315 vit
1909 2271 1926 2312 ε
1952 2270 2209 2329 cumque
2234 2255 2297 2314 in
2322 2256 2455 2330 ipsa
2476 2258 2651 2315 nocte
2668 2255 2753 2314 ibi
2769 2254 3085 2315 multitudo
3114 2255 3340 2315 daemo-

1795 2364 1943 2407 num
1966 2349 2357 2416 convenisset,
2387 2365 2541 2407 unus
2565 2364 2642 2407 ex
2677 2349 2764 2408 eis
2789 2349 2871 2409 ait
2900 2368 2916 2407 ε
2945 2348 3084 2419 Quis
3122 2353 3211 2408 est
3234 2349 3338 2409 ilie

1797 2442 1901 2516 qui
1923 2444 2037 2501 nos
2062 2442 2310 2517 aspicit?
2337 2446 2605 2517 cumque
2632 2443 2878 2517 quidam
2903 2442 3055 2503 irent
3077 2447 3143 2503 ut
3175 2442 3343 2502 vide-

1795 2538 1944 2607 rent,
1973 2535 2155 2594 territi
2197 2534 2634 2595 clamaverunt:
2666 2539 2782 2608 Voe,
2811 2552 2922 2605 vce,
2951 2551 3062 2603 voe.
3101 2550 3211 2595 vas
3231 2552 3340 2596 va-

1798 2644 1996 2700 cuum,
2020 2629 2128 2687 sed
2148 2629 2469 2703 signatum:
2499 2629 2814 2705 statimque
2834 2631 3028 2689 omnis
3044 2629 3149 2689 illa
3166 2631 3342 2690 turba

1798 2722 2086 2797 disparuit
2130 2723 2494 2782 daemonum.
2539 2723 2759 2783 Dicitur
2797 2724 2975 2783 etiam
3000 2723 3063 2781 in
3106 2725 3343 2783 historia

1795 2821 2087 2890 tripartita
2119 2819 2163 2886 ⁹,
2191 2818 2361 2892 quod
2404 2834 2582 2878 nemo
2617 2818 2880 2889 illorum,
2928 2819 3035 2895 qui
3071 2822 3339 2896 tempore

1795 2911 2156 2971 Constantini
2196 2912 2487 2970 vexillum
2524 2912 2713 2971 crucis
2752 2913 3032 2986 portabat
3071 2917 3340 2989 tempor·

1794 3005 1962 3078 belli,
1990 3005 2182 3080 potuit
2207 3020 2475 3081 unquam
2514 3005 2835 3080 vulnerari,
2861 3006 2962 3066 vel
2986 3007 3142 3082 capi.
3182 3010 3339 3083 Ergo

1795 3100 1847 3158 si
1873 3100 1955 3159 ad
1980 3100 2384 3159 defensionem
2417 3099 2679 3159 hominis
2711 3101 2873 3158 tanta
2903 3099 2967 3158 in
3000 3101 3340 3161 viventibus

1795 3200 1883 3254 est
1907 3194 2093 3253 virtus
2115 3194 2325 3265 crucis,
2344 3198 2632 3268 quantum
2649 3197 2822 3269 putas
2848 3193 3055 3254 auxilii
3072 3195 3340 3256 conferre

1795 3289 2064 3356 mortuis,
2094 3304 2230 3347 eum
2257 3289 2321 3346 in
2347 3290 2609 3347 extrema
2630 3289 2972 3348 necessitate
2996 3292 3179 3349 sunt?

1866 3384 2124 3460 Septimo
2165 3400 2311 3442 crux
2335 3382 2543 3442 Christi
2569 3385 2656 3441 est
2678 3384 2916 3459 signum
2949 3384 3343 3459 pervenienti·-

1793 3478 1910 3537 bus
1936 3478 2017 3537 ad
2046 3478 2299 3551 gloriam
2326 3478 2741 3555 perductivum
2784 3481 2844 3536 et
2883 3478 2947 3536 in
2985 3479 3118 3554 ipsa
3152 3479 3344 3553 gloria

1795 3571 2155 3631 ornativum.
2178 3572 2329 3630 Nulli
2357 3571 2517 3630 enim
2543 3571 2790 3630 coelcstis
2809 3573 2997 3644 janua
3022 3572 3341 3646 clauditur,

1793 3666 1846 3723 si
1871 3666 2160 3737 vexillum
2187 3666 2378 3724 crucis
2415 3666 2494 3723 ab
2524 3681 2597 3724 eo
2634 3665 2875 3724 feratur.
2918 3665 3083 3724 Unde
3128 3666 3343 3725 dicitur

1794 3760 1858 3818 in
1884 3759 2152 3835 quadam
2176 3759 2443 3834 historia,
2468 3759 2636 3835 quod
2657 3759 2834 3830 latro,
2853 3758 2961 3834 qui
2983 3758 3176 3819 fuerat
3203 3776 3342 3820 cum

1794 3853 2048 3915 Domino
2084 3854 2421 3926 crucifixuS‚
2448 3852 2675 3912 vadens
2700 3854 2781 3912 ad
2815 3853 3161 3929 paradisum
3189 3853 3341 3913 deli-

1795 3950 2041 4021 ciarum,
2072 3964 2248 4023 super
2276 3963 2340 4006 se
2369 3947 2577 4005 detulit
2619 3948 2808 4005 crucis
2849 3947 3123 4021 signum:
3170 3947 3340 4022 quod

1794 4045 1942 4102 dum
1966 4042 2117 4101 vidit
2145 4041 2402 4115 Angelus
2426 4040 2764 4099 custodiens
2801 4039 3146 4114 paradisum
3164 4083 3185 4113 ,
3220 4042 3338 4099 st·-

1796 4138 1902 4196 tim
1924 4152 2064 4195 eum
2106 4135 2326 4193 intrare
2366 4134 2653 4209 permisit.
2699 4136 2942 4208 Propter
2974 4134 3142 4208 quod
3180 4139 3239 4192 et
3275 4134 3339 4192 in

1797 4229 2154 4306 Apocalypsi
2182 4230 2226 4265 ¹⁰
2238 4228 2471 4299 dicitur,
2499 4226 2667 4302 quod
2679 4230 2936 4286 ioannes
2955 4226 3104 4287 vidit
3128 4243 3338 4286 nume-

1790 4340 1926 4382 rum
1950 4324 2317 4396 signatorum
2361 4337 2433 4380 ex
2479 4321 2758 4379 omnibus
2785 4320 3059 4394 gentibus
3086 4324 3339 4379 :stantes

1793 4421 1928 4477 ante
1947 4417 2250 4489 thronum,
2274 4415 2475 4475 amicti
2501 4414 2576 4490 (a)
2598 4413 2758 4472 stolis
2771 4413 2945 4486 albis,
2961 4417 3019 4473 et
3035 4413 3249 4490 pslmoe
3273 4415 3338 4473 in

1790 4512 2069 4571 manibus
2088 4525 2317 4568 eorum.
2333 4529 2364 4564 s
2385 4512 2651 4582 Cumque
2667 4512 2970 4582 quaereret,
2992 4509 3097 4583 qui
3123 4512 3335 4582 essent,

1791 4604 2020 4663 audivit
2050 4622 2066 4662 ε
2103 4624 2133 4658 ιι
2170 4604 2236 4663 Hi
2286 4607 2422 4662 sunt
2445 4602 2551 4677 qui
2582 4605 2868 4661 venerunt
2890 4617 2965 4660 ex
2989 4617 3210 4675 magna
3232 4603 3336 4661 tri-

1791 4698 2119 4767 bulatione,
2167 4702 2224 4756 et
2262 4696 2534 4755 laverunt
2566 4695 2747 4755 stolas
2778 4711 2916 4755 suas
2948 4695 3012 4753 in
3046 4696 3335 4769 sanguine

1789 4792 1962 4867 Agni.
1989 4812 2018 4848 n
2054 4794 2208 4865 Ergo
2236 4791 2287 4848 si
2313 4791 2377 4849 in
2402 4789 2565 4849 coelis
2590 4789 2868 4849 volumus
2903 4789 3198 4860 coronari,
3228 4805 3335 4850 ne·

1791 4902 1953 4947 cesse
1978 4886 2271 4945 hahemus
2303 4884 2422 4943 hoc
2457 4882 2632 4958 signo
2667 4882 2908 4960 signari,
2939 4900 3076 4942 cum
3099 4884 3173 4942 sit
3198 4883 3334 4958 glo-

1788 4983 1893 5042 riae
1914 4982 2281 5056 collativam,
2308 4985 2367 5041 et
2390 4982 2454 5040 in
2478 4982 2613 5057 ipsa
2636 4982 2827 5055 gloria
2851 4981 3188 5039 ornativum
3210 4999 3227 5038 ε
3252 4979 3332 5039 ad

1794 5092 1978 5152 quam
2004 5091 2119 5134 nos
2146 5078 2294 5135 Deus
2318 5074 2644 5150 perducere
2670 5074 2965 5149 dignetur,
2993 5078 3101 5133 etc.

1790 5228 1881 5280 lib.
1912 5231 1995 5293 lx,
2037 5242 2149 5294 cap.
2179 5239 2282 5278 mn.
2312 5253 2373 5265 —
2401 5226 2422 5261 ⁸
2446 5225 2631 5291 Eaecd„
2656 5238 2753 5291 ιη,
2784 5229 2860 5278 13.
2881 5253 2942 5265 —
2976 5227 2993 5258 ‘¹
3022 5226 3223 5289 Ezech„
3251 5241 3327 5293 ιι,

1790 5308 1839 5368 4,
1868 5307 1917 5353 6.
1940 5329 2004 5341 -
2030 5303 2050 5332 ⁸
2085 5304 2268 5365 Greg.‚
2304 5298 2539 5364 Dielcq„
2580 5298 2667 5350 lib.
2705 5300 2800 5363 ΙΙΙ,
2843 5312 2889 5351 c.
2930 5310 3024 5350 vn.
3054 5326 3114 5338 —
3150 5300 3175 5336 θ
3200 5299 3328 5354 Hist.

1791 5375 2024 5440 tripart„
2055 5372 2140 5424 lib.
2175 5374 2214 5437 Ι,
2242 5386 2290 5423 c.
2321 5384 2371 5422 v-
2403 5397 2465 5409 --
2491 5372 2531 5407 ¹·
2552 5373 2724 5441 Apum,
2747 5382 2839 5441 vu,
2864 5373 2913 5437 4,
2934 5373 2982 5426 9.

1857 5465 1924 5529 (a)
1959 5462 2082 5517 Goee.
2107 5462 2231 5515 edit.
2259 5460 2475 5515 amictis.
