4059 6317
645 438 767 500 272

647 571 829 652 perat
844 567 865 605 ¹
884 586 902 632 t
930 565 1219 648 «Exigua
1234 564 1431 645 dabit,
1452 570 1517 631 et
1531 566 1737 632 multa
1752 565 2088 651 imperabit
2111 581 2173 628 :n

645 674 903 757 Exigua
942 673 1119 739 dabit
1158 672 1228 737 in
1267 673 1700 752 delectatione,
1741 676 1805 737 et
1826 672 2035 737 multa
2063 671 2183 735 im-

642 782 887 865 perabit
928 780 1007 844 in>
1047 779 1373 846 exactione
1428 798 1657 863 poenae.
1707 778 2048 861 Gregorius
2091 780 2116 815 ¹
2159 800 2175 843 :

653 912 682 950 α
707 888 1221 954 Momentaneum
1247 892 1338 951 est
1358 886 1532 971 quod
1548 886 1834 967 delectat,
1864 891 2180 952 aeternum

639 996 811 1080 quod
838 995 1100 1061 cruciat.
1129 1017 1161 1056 11
1199 993 1370 1060 Bene
1395 998 1612 1062 autem
1636 995 1788 1060 dicit
1805 995 2176 1075 affluenter,

638 1104 782 1188 plus
808 1104 983 1168 00110
1010 1121 1182 1186 saepe
1206 1102 1339 1182 dat,
1368 1119 1566 1187 quam
1593 1107 1804 1186 petere
1831 1120 2179 1185 praesuma-

641 1230 787 1277 mus
801 1212 824 1248 ⁸
851 1210 1155 1277 :cPotens
1178 1215 1275 1277 est
1299 1210 1473 1276 enim
1490 1211 1927 1277 0100181800ῑο
1951 1229 2180 1294 super-

637 1319 1036 1385 abundanter
1086 1337 1285 1403 quam
1335 1320 1610 1403 petimus
1629 1367 1646 1399 ‚
1701 1322 1813 1383 aut
1861 1316 2178 1399 intelligi-

637 1446 809 1494 mus.
852 1448 884 1489 1
932 1426 1065 1492 Ηο0
1105 1431 1275 1510 patet
1299 1427 1368 1491 in
1399 1427 1698 1510 petitione
1726 1425 1843 1490 filii
1870 1424 2173 1508 prodigi:

638 1539 884 1619 majora
906 1535 1079 1600 enim
1109 1539 1174 1599 et
1199 1535 1387 1618 plura
1410 1534 1676 1618 accepit,
1706 1552 1897 1617 quam
1927 1533 2172 1616 petivit.

636 1645 715 1711 Et
743 1649 913 1711 certe
927 1692 949 1726 ,
979 1645 1151 1728 quod
1198 1645 1727 1729 superabundans
1747 1692 1764 1725 ‚
1806 1647 1870 1710 et
1904 1644 2175 1709 affluens

635 1754 817 1819 dator
836 1753 921 1817 sit
945 1753 1130 1833 Deus,
1161 1756 1334 1837 patet
1352 1751 1455 1817 his
1471 1752 1765 1824 versibus
1795 1773 1811 1817 ε

725 1933 844 2000 Plus
870 1933 994 1985 dare
1021 1946 1175 1999 quam
1207 1932 1377 1997 tollat,
1402 1931 1670 1997 rogitatur,
1693 1929 2015 1996 polliceatur,

723 2005 998 2058 Salomone
1023 2006 1161 2057 Deus
1171 2042 1189 2070 ,
1218 2005 1367 2070 virga
1394 2004 1612 2055 florente
1642 2003 1909 2068 probatur.

706 2186 794 2252 De
833 2185 952 2252 Job
992 2189 1164 2270 patet
1189 2185 1257 2249 ⁸:
1296 2207 1328 2246 α
1353 2182 1661 2249 Dominus
1698 2199 2049 2248 conversus
2073 2185 2170 2247 est

626 2291 708 2357 ad
752 2292 1188 2375 poenitentiam
1234 2290 1266 2356 J
1269 2290 1353 2355 00
1365 2338 1389 2371 ,
1432 2308 1581 2355 cum
1629 2294 1840 2355 oraret
1893 2289 2000 2354 ille
2051 2306 2168 2372 pro

625 2400 845 2465 amicis
870 2399 1026 2479 suis,
1056 2403 1119 2463 et
1142 2398 1381 2464 addidit
1399 2398 1708 2462 Dominus
1733 2397 1950 2462 omnia
1984 2413 2166 2480 quae·

625 2525 901 2590 eumque
928 2504 1319 2572 11101801]οο
1338 2553 1356 2583 ,
1385 2504 1681 2588 duplicia.
1706 2527 1738 2565 11
1776 2503 2052 2587 Require
2096 2503 2164 2567 10

624 2615 1003 2699 praecedenti
1063 2631 1392 2692 sermone,
1461 2613 1541 2677 de
1595 2611 1933 2678 Salomone
1985 2613 2029 2677 ⁸.
2079 2611 2166 2676 De

622 2725 837 2788 Aaron
864 2722 1055 2804 virga
1078 2720 1318 2803 legitur
1340 2726 1362 2762 ⁶
1392 2719 1564 2803 quod
1591 2723 1841 2783 tantum
1873 2718 2166 2801 promisit

624 2830 934 2896 Dominus
980 2829 1377 2911 germinare3
1422 2827 1531 2891 sed
1574 2830 1790 2909 postea
1816 2827 1881 2890 et
1916 2825 2161 2906 germi-

622 2956 831 3015 nasse,
876 2941 940 3002 et
964 2937 1255 3002 floruisse
1275 2983 1293 3016 ‚
1342 2939 1406 2999 et
1449 2933 1855 2998 fructificasse
1897 2932 2163 2998 inventa

621 3050 738 3109 est.
769 3043 924 3110 Ecce
949 3062 1147 3128 quam
1183 3042 1667 3108 liberalissimus
1701 3040 1881 3106 dator
1908 3043 2004 3103 est
2036 3039 2158 3105 Do-

620 3153 859 3217 minus.
898 3152 1055 3218 Vide
1084 3168 1241 3233 ergo
1275 3150 1555 3233 apertius
1588 3171 1603 3214 ε
1634 3148 1689 3212 81
1713 3145 2021 3212 Dominus
2053 3146 2162 3211 (18-

617 3263 717 3324 ret
733 3258 848 3323 tibi
868 3259 1084 3324 omnia
1100 3266 1329 3333 creata,
1351 3273 1499 3339 quae
1525 3255 1595 3319 in
1620 3253 1780 3319 eoelo
1805 3254 1963 3317 etin
1990 3256 2162 3318 terra

619 3369 795 3446 sunt,
839 3371 992 3431 tunc
1039 3365 1367 3430 videretur
1412 3360 1636 3443 utique
1681 3358 2159 3425 liberalissimus

617 3473 734 3538 tibi
756 3496 774 3553 ;
794 3477 859 3538 et
884 3474 1055 3537 certe
1078 3470 1223 3554 plus
1244 3470 1439 3548 dedit,
1468 3486 1617 3534 cum
1644 3466 1927 3550 seipsum
1958 3466 2155 3532 dedit.

613 3580 1022 3663 Augustinus
1039 3585 1103 3643 ⁷:
1142 3602 1173 3638 «
1197 3576 1508 3643 Nolumus
1533 3573 1754 3640 omnia
1788 3592 1937 3657 quae
1962 3573 2154 3653 dedit,

612 3686 670 3752 si
695 3706 827 3753 non
852 3687 958 3752 dat
982 3686 1284 3769 seipsum,
1317 3683 1428 3766 qui
1460 3681 1678 3748 omnia
1705 3681 1894 3747 dedit.
1915 3702 1946 3740 n

694 3795 780 3860 De
818 3793 1002 3859 tertio
1029 3799 1054 3835 ⁸
1081 3813 1097 3857 ε
1135 3814 1167 3854 α
1194 3790 1319 3856 Uni
1358 3790 1530 3855 dedit
1556 3789 1847 3872 quinque
1872 3788 2149 3869 1810018,

611 3902 721 3968 alii
760 3901 912 3981 duo,
942 3900 1046 3965 alii
1096 3916 1304 3965 unum
1338 3920 1354 3962 ε
1392 3897 1744 3979 unicuique
1795 3895 2152 3961 secundum

611 4009 937 4094 propriam
982 4008 1309 4074 virtutem.
1355 4027 1387 4066 1
1440 4003 1642 4082 Quam
1684 4002 1997 4088 sapienter
2044 4003 2154 4069 dat

607 4116 940 4195 Dominus,
968 4117 1230 4198 apparet
1245 4132 1324 4178 ex
1351 4110 1496 4191 boc,
1527 4110 1701 4193 quia,
1723 4109 1802 4175 ad
1821 4109 2001 4175 lucra
2022 4129 2152 4176 me·

605 4225 878 4291 ritorum
922 4223 1218 4306 augenda
1237 4270 1256 4302 ,
1288 4221 1397 4286 dat
1434 4218 1598 4286 bona
1630 4234 1752 4285 sua
1791 4219 1837 4298 ⁹,
1868 4218 2041 4284 unde
2087 4223 2151 4283 et

607 4332 717 4397 ille
762 4347 1023 4412 servus,
1056 4329 1169 4415 qui
1213 4328 1522 4393 talentum
1558 4324 1812 4391 Domini
1852 4325 1973 4390 sibi
2019 4325 2148 4392 Deo

601 4439 910 4505 collatum
939 4440 1076 4503 sine
1122 4436 1303 4501 lucro
1339 4434 1582 4513 tenuit,
1610 4433 1951 4497 damnatus
1982 4432 2143 4511 fuit;

603 4547 710 4612 vel
753 4565 833 4610 ex
884 4545 1030 4623 1100,
1067 4544 1221 4628 quia
1257 4543 1365 4608 dat
1407 4540 1756 4622 unicuique
1800 4538 2147 4606 secundum

598 4655 934 4737 propriam
959 4654 1283 4720 virtutem.
1318 4648 1447 4714 Scit
1480 4647 1652 4714 enim
1691 4646 1794 4711 cui
1836 4645 2143 4727 dandum,

603 4761 707 4825 cui
733 4778 865 4826 non
891 4759 1212 4839 dandum,
1244 4757 1349 4823 cui
1375 4757 1560 4839 plns,
1588 4753 1695 4820 cui
1729 4754 1947 4819 minus
1983 4753 2147 4818 (180-

600 4867 782 4933 (11110.
830 4867 899 4932 Si
945 4867 1117 4931 enim
1160 4865 1252 4930 illi
1292 4865 1474 4930 daret
1514 4861 1829 4946 quinque,
1885 4860 1993 4924 cui
2037 4860 2147 4924 dat

600 4992 845 5055 unum,
875 4978 939 5039 et
972 4973 1062 5038 sic
1105 4972 1185 5055 (α)
1233 4970 1596 5053 negligeret
1638 4968 1925 5052 quinque
1975 4966 2143 5032 sicut

600 5100 831 5163 unum,
852 5083 1061 5164 major
1077 5083 1243 5144 esset
1261 5080 1403 5162 03118
1420 5075 1765 5141 (1811108110.
1797 5072 1960 5139 Nota
1980 5092 2139 5155 ergo

661 5208 681 5244 ¹
710 5208 887 5271 Ereti„
920 5219 1022 5270 xx,
1052 5208 1129 5257 15.
1156 5229 1217 5242 -—
1255 5204 1275 5236 ²
1303 5204 1457 5269 Greg.
1487 5229 1542 5240 —
1572 5201 1595 5237 ⁸
1622 5199 1827 5264 Ephes„
1856 5209 1944 5263 111,
1972 5201 2052 5249 20.
2080 5225 2139 5238 -

597 5277 620 5315 δ
652 5278 775 5340 lob,
805 5289 946 5341 xm,
988 5280 1065 5328 10.
1100 5301 1166 5315 -
1198 5275 1222 5313 ⁸
1251 5275 1367 5328 vid.
1394 5288 1533 5339 sup„
1558 5285 1679 5337 pag.
1709 5272 1825 5335 271,
1856 5269 1954 5322 001.
1990 5274 2040 5320 1.
2075 5296 2137 5310 -

603 5351 623 5381 ⁸
644 5350 820 5410 Num..
848 5361 957 5401 xvn
974 5386 990 5413 ‚
1017 5352 1067 5411 5,
1096 5350 1145 5398 8.
1166 5374 1231 5387 -
1257 5348 1275 5379 ⁷
1303 5351 1457 5412 Aug„
1484 5348 1662 5398 Enarr.
1695 5345 1749 5393 in
1772 5341 1911 5406 Psal.
1942 5352 2135 5408 cxxxv,

597 5434 652 5476 n.
683 5426 758 5476 11.
787 5446 849 5460 -
875 5422 896 5452 ⁸
921 5419 1123 5485 1181118,
1156 5430 1278 5482 xxv,
1308 5421 1387 5470 15.
1420 5444 1483 5457 -
1509 5417 1528 5449 ⁰
1557 5416 1706 5480 thid„
1738 5417 1819 5467 14.
1847 5439 1908 5452 —
1936 5412 1981 5448 ²⁰
2012 5412 2134 5477 lea„

1744 428 2160 498 SERMONES
2198 428 2301 495 DE
2341 427 2735 496 TEMPORE.

2290 544 2396 628 bic
2433 565 2720 648 quinque
2764 564 2914 629 data
2946 562 3092 645 Dei,
3125 563 3363 648 quibus
3386 565 3618 647 bomo,
3648 566 3831 651 quasi
3856 584 4051 694 33¹²ss

2291 672 2573 755 quinque
2603 672 2884 752 talentis,
2913 671 3092 738 lucra
3117 672 3474 755 spiritualia
3499 676 3830 741 cumulare

2289 782 2499 848 debet.
2539 780 2829 847 Primum
2873 788 2970 848 est
3007 787 3257 850 naturae
3297 783 3382 847 ¹⁰:
3422 808 3453 847 α
3484 783 3637 851 Haec
3681 787 3834 852 dicit

2289 889 2599 954 Dominus
2633 888 2803 955 Deus
2839 909 3056 956 creans
3098 891 3290 957 coelos
3310 940 3328 972 ‚
3377 898 3441 958 et
3482 895 3832 959 extendens

2288 1014 2418 1077 eos,
2433 998 2700 1062 firmans
2717 1002 2975 1078 terram,
2996 1004 3060 1064 et
3076 1017 3223 1082 (111εο
3239 1000 3611 1082 germinant
3625 1020 3712 1066 ex
3731 1021 3830 1083 ea,

2287 1103 2445 1169 dans
2487 1104 2714 1170 flatum
2760 1106 3029 1190 populo,
3058 1107 3174 1190 qui
3205 1111 3303 1171 est
3346 1125 3540 1190 super
3570 1126 3739 1188 eam,
3770 1113 3835 1173 et

2285 1212 2582 1295 spiritum
2624 1213 3015 1282 calcantibus
3041 1233 3208 1281 eam.
3238 1237 3271 1276 11
3307 1215 3423 1281 Dat
3448 1216 3671 1301 utique
3705 1217 3831 1284 Do-

2285 1319 2502 1384 minus
2528 1320 2777 1401 flatum‚
2805 1326 2868 1388 et
2895 1321 3115 1386 omnia
3140 1322 3307 1387 bona
3339 1324 3661 1391 naturalia
3691 1344 3831 1391 cor-

2283 1428 2457 1510 poris
2482 1430 2548 1492 et
2573 1427 2832 1496 animae.
2864 1427 3230 1494 Secundum
3256 1434 3349 1495 est
3375 1429 3599 1496 datum
3628 1432 3834 1495 fortu-

2282 1550 2411 1610 nae,
2443 1533 2680 1599 scilicet
2705 1533 3080 1618 temporalia
3099 1537 3140 1578 ¹¹
3176 1555 3193 1599 z
3225 1559 3257 1599 α
3283 1536 3596 1602 Dominus
3626 1537 3829 1618 dedit,

2281 1636 2588 1706 Dominus
2613 1640 2894 1707 abstulit.
2931 1663 2962 1701 11
2995 1640 3278 1708 Tertium
3318 1646 3417 1708 est
3450 1643 3675 1709 datum
3704 1662 3831 1727 po-

2280 1750 2496 1815 tentiae
2523 1752 2893 1832 mundanae,
2922 1756 2987 1817 et
3011 1752 3447 1820 ecclesiasticae
3479 1755 3525 1791 ¹‘
3554 1777 3569 1819 ε
3608 1778 3642 1816 a
3677 1754 3831 1821 Data

2280 1858 2375 1919 est
2397 1859 2673 1939 potestas
2700 1874 2741 1920 a
2764 1856 3032 1922 Domino
3053 1857 3236 1923 vobis
3262 1859 3371 1940 (11),
3399 1880 3431 1919 n
3468 1863 3586 1924 etc.
3617 1858 3830 1938 Quar-

2278 1964 2419 2025 tum
2446 1965 2543 2027 est
2571 1963 2806 2031 datum.
2825 1964 3145 2046 scientiam
3178 1965 3511 2032 Psalmista
3536 1969 3583 2009 ¹⁸
3614 1989 3632 2031 ε
3668 1991 3701 2030 α
3718 1967 3823 2033 10·

2276 2067 2601 2136 tellectum
2643 2071 2759 2135 tibi
2799 2072 2985 2150 dabo,
3015 2096 3046 2134 »
3082 2078 3202 2139 etc.
3245 2073 3554 2152 Quintum
3581 2081 3679 2142 est
3706 2076 3826 2141 da-

2276 2179 2416 2241 tum
2449 2179 2679 2261 gratiae
2707 2179 2798 2246 ¹⁸:
2836 2204 2868 2244 α
2893 2179 3257 2250 Humilibus
3285 2187 3503 2248 autem
3528 2184 3640 2249 dat
3663 2203 3823 2267 gra·

2273 2283 2459 2349 tiam.
2478 2307 2510 2346 11

2354 2390 2444 2456 De
2470 2398 2700 2477 quarto
2728 2397 2815 2458 ¹⁸:
2847 2394 3252 2463 «Numerum
3278 2399 3551 2478 dierum,
3570 2404 3637 2464 et
3663 2404 3825 2465 tem-

2273 2515 2396 2581 pus
2439 2500 2614 2566 dedit
2643 2502 2755 2568 illi.
2789 2526 2820 2564 11
2862 2503 3016 2582 Quis
3052 2504 3164 2568 1101
3197 2505 3303 2570 (181
3338 2505 3507 2570 diem
3541 2524 3675 2589 quo
3700 2506 3823 2570 ho-

2270 2608 2374 2673 die
2399 2610 2585 2691 vivis,
2606 2611 2712 2677 vel
2733 2630 2956 2678 omnes
2977 2614 3112 2679 dies
3121 2614 3355 2699 quibus
3371 2615 3581 2681 adhuc
3607 2616 3817 2695 vives,

2270 2716 2373 2780 vel
2401 2718 2640 2798 vixisti,
2670 2719 2797 2783 nisi
2837 2720 3011 2786 solus
3050 2720 3251 2786 Deus?
3277 2723 3442 2799 Quot
3468 2740 3630 2804 ergo
3657 2724 3817 2804 dies,

2271 2827 2386 2888 aut
2418 2823 2610 2890 boras
2635 2826 2903 2907 vixeris,
2934 2832 3029 2893 tot
3054 2828 3201 2894 data
3226 2827 3336 2893 Dei
3362 2830 3612 2913 recipis.
3648 2830 3820 2908 Quid

2268 2948 2426 3013 ergo
2463 2932 2669 2998 dicam
2709 2933 2790 2998 (10
2828 2934 3013 3000 00018
3030 2983 3049 3015 ,
3088 2954 3234 3019 quae
3267 2954 3381 3018 per
3420 2954 3642 3001 omnes
3682 2937 3818 3001 dies

2267 3042 2330 3102 et
2374 3038 2565 3104 horas
2608 3040 2761 3107 vitae
2800 3046 2938 3118 ,tuae
2988 3041 3104 3107 tibi
3142 3042 3421 3107 dantur?
3467 3042 3554 3107 De
3599 3043 3811 3124 00018,

2265 3144 2554 3228 inquam,
2585 3148 3019 3228 naturalibus,
3050 3166 3198 3232 quae
3226 3149 3386 3215 etin
3409 3150 3626 3214 anima
3653 3151 3814 3216 etin

2263 3269 2558 3337 corpore,
2591 3260 2656 3322 et
2679 3257 2748 3320 in
2770 3256 3070 3322 omnibus
3090 3257 3394 3323 membris
3412 3258 3528 3322 tibi
3547 3257 3806 3340 dantur,

2263 3362 2329 3423 et
2371 3360 2451 3425 de
2485 3364 2942 3447 temporalibus
2962 3412 2981 3445 ,
3022 3369 3086 3429 et
3123 3363 3558 3448 spiritualibus
3575 3413 3597 3444 ,
3636 3369 3703 3430 et
3728 3366 3808 3430 de

2261 3469 2848 3537 sacramentalibus.
2869 3471 3161 3550 Quotidie
3170 3473 3344 3536 enim
3361 3491 3594 3556 corpus
3608 3491 3804 3538 suum

2262 3574 2371 3639 dat
2402 3594 2519 3659 pro
2549 3581 2612 3644 te
2636 3579 2961 3645 offerendo
2986 3580 3058 3643 ¹⁸:
3089 3579 3419 3660 «Domine,
3450 3597 3703 3663 semper
3725 3581 3808 3645 da

2261 3682 2446 3747 nobis
2474 3702 2704 3767 panem
2730 3686 2925 3750 hunc.
2953 3707 2986 3747 11
3023 3685 3073 3753 Ο
3099 3686 3303 3767 dator,
3332 3691 3571 3752 aeterne
3598 3687 3802 3753 Deus!

2257 3795 2492 3870 quanta
2515 3837 2533 3869 ,
2557 3791 2816 3874 putatis,
2843 3792 3023 3857 dabit
3049 3793 3117 3857 in
3143 3793 3325 3874 011110,
3354 3793 3468 3877 qui
3492 3798 3673 3859 tanta
3697 3795 3807 3861 dat

2258 3896 2328 3961 in
2369 3898 2660 3963 mundo?
2697 3899 3107 3981 Augustinus
3144 3899 3189 3937 ¹⁷
3221 3918 3237 3963 z
3283 3923 3315 3963 ι
3342 3899 3462 3978 Qui
3487 3901 3803 3983 peccatori

2260 4007 2535 4069 mortem
2569 4004 2834 4071 donavit
2872 4003 3019 4070 Filii
3061 4006 3158 4071 sui
3176 4055 3194 4085 ‚
3225 4007 3381 4091 quid
3421 4013 3632 4075 servat
3667 4010 3800 4075 881-

2256 4115 2407 4177 vato
2434 4130 2549 4194 per
2575 4117 2847 4178 mortem
2874 4111 3017 4177 Filii
3044 4115 3189 4178 sui?
3222 4135 3255 4173 11
3296 4113 3603 4180 Dominus
3637 4133 3800 4198 ergo

2235 4220 2386 4281 'non
2419 4222 2621 4284 cessat
2653 4218 2837 4298 dare,
2876 4219 2929 4283 si
2956 4222 3032 4284 tu
3058 4238 3192 4285 000
3215 4239 3418 4286 cesses
3445 4231 3679 4304 petere,
3708 4223 3798 4287 si·

2254 4327 2367 4387 cut
2409 4324 2644 4389 dicitur
2680 4325 2788 4390 1110
2825 4343 2843 4389 z
2876 4325 3080 4394 Petite
3107 4373 3129 4407 ,
3184 4334 3248 4396 et
3289 4326 3556 4397 dabitur
3593 4330 3793 4397 vobis.

2254 4426 2435 4510 Item,
2457 4431 2513 4494 si
2541 4449 2671 4496 non
2695 4449 2902 4497 cessas
2929 4432 3184 4514 habere,
3215 4434 3449 4499 scilicet
3472 4434 3641 4500 bona
3669 4455 3797 4502 me·

2249 4538 2374 4602 rita
2392 4538 2438 4576 ²⁸
2473 4559 2489 4602 z
2528 4537 2766 4605 «Omni
2788 4540 3047 4605 habenti
3074 4540 3400 4623 dabitur,»
3433 4546 3552 4608 etc.

2810 4671 3100 4788 SERMo
3146 4717 3233 4790 v.

2335 4861 2747 4943 confitemini
2782 4861 3159 4932 alterutrum
3179 4871 3444 4947 peccata
3482 4871 3697 4937 vestra
3716 4868 3783 4936 ¹⁹.

2248 4968 2626 5037 charissime
2646 5021 2665 5053 ‚
2697 4976 2871 5038 uteo
2912 4972 3215 5038 libentius
3249 4973 3606 5039 confitearis
3645 4979 3786 5042 tuas

2247 5125 2386 5180 xm,
2419 5117 2467 5168 5.
2500 5141 2554 5152 —
2589 5117 2627 5151 ¹⁸
2656 5115 2761 5176 100,
2790 5128 2838 5180 1,
2867 5120 2945 5167 21.
2972 5141 3035 5154 —
3062 5116 3103 5152 ¹²
3131 5115 3274 5180 Sap..
3303 5128 3381 5179 v1,
3413 5118 3458 5168 4.
3489 5143 3545 5155 —
3582 5117 3623 5153 ¹⁸
3646 5118 3782 5169 Prae.

2245 5197 2406 5249 xxxi,
2446 5187 2493 5236 8.
2533 5214 2587 5223 —
2634 5188 2674 5223 ¹*
2710 5189 2835 5249 lac„
2881 5200 2950 5252 iv,
2987 5191 3035 5239 6.
3078 5214 3140 5225 -
3182 5188 3217 5219 ¹⁸
3257 5188 3437 5253 Eccli„
3473 5200 3609 5253 xvn,
3643 5193 3690 5241 3.
3725 5216 3779 5228 -

2249 5259 2290 5295 ¹⁸
2319 5259 2483 5321 Joan„
2512 5271 2595 5323 vi,
2623 5261 2704 5312 31.
2731 5287 2793 5299 -
2827 5261 2869 5296 ¹⁷
2896 5262 3027 5327 Aug.
3064 5287 3124 5298 —
3157 5261 3202 5296 ¹⁸
3231 5260 3436 5322 unuh..
3463 5271 3586 5327 xxv,
3616 5263 3697 5315 29.
3719 5287 3780 5300 -

2243 5329 2285 5364 ¹·
2310 5330 2438 5392 lac„
2469 5343 2519 5395 v,
2548 5333 2624 5384 16.

2304 5418 2372 5484 (α)
2400 5422 2516 5490 Leq.
2545 5419 2649 5474 hic.
2678 5448 2743 5462 —
2771 5420 2841 5486 (b)
2871 5423 2994 5472 Coet.
3018 5421 3147 5472 edit.
3175 5422 3344 5476 nobis.
