4059 6317
998 396 1381 467 DOMINICA
1423 397 1451 463 1
1490 395 1692 464 POST
1737 396 2316 468 PENTECOSTEN.
2360 398 2622 471 SERMO
2665 404 2743 470 ΙΙ.

261 534 670 619 Augustinus
695 533 715 570 ¹
747 552 766 599 ε
805 557 836 599 n
861 532 999 602 Duo
1029 537 1183 601 sunt
1210 553 1407 618 opera
1447 533 1806 602 misericor-

262 646 413 731 diae,
441 662 592 728 quae
616 662 736 710 nos
763 663 941 711 nunc
962 645 1200 711 habere
1219 645 1525 710 debemus
1542 647 1566 679 ²
1593 666 1610 708 z
1652 667 1685 706 α
1709 644 1808 709 Di-

262 753 513 834 mittite‚
547 756 611 818 et
635 752 990 820 dimittetur
1021 776 1037 819 :
1068 754 1213 820 date
1230 802 1253 834 ‚
1304 755 1369 818 et
1394 752 1648 818 dabitur
1687 771 1802 818 vo-

259 860 379 925 1110.
411 880 443 919 1>
479 858 599 938 Qui
628 859 747 926 bas
763 859 1227 926 ‘misericordiae
1255 859 1520 943 regulas
1546 878 1678 925 non
1704 878 1805 928 se-

260 970 574 1052 quuntur,
604 986 737 1034 non
765 951 920 1034 sunt
943 969 1295 1035 imitatores
1321 968 1528 1035 Patris
1551 969 1806 1033 miseri-

260 1076 520 1156 cordiae,
551 1077 663 1142 sed
689 1077 888 1161 patris
914 1077 1172 1158 diaboli,
1199 1077 1314 1162 qni
1338 1076 1585 1142 nullam
1611 1077 1805 1142 habet

260 1184 764 1255 misericordiam
789 1187 813 1223 ⁸
858 1206 874 1250 ε
916 1208 947 1247 α
977 1184 1258 1252 Crudelis
1285 1187 1400 1265 est,
1431 1189 1495 1252 et
1518 1202 1651 1250 non
1680 1184 1804 1252 mi-

256 1298 530 1362 seretur.
558 1316 591 1356 r

333 1400 423 1467 De
448 1401 729 1467 secundo
766 1401 790 1436 ⁸
834 1421 852 1466 ε
906 1423 938 1463 α
987 1398 1316 1478 Quomodo
1361 1401 1645 1484 potueris
1664 1449 1682 1481 ,
1712 1400 1803 1468 sic

254 1513 390 1576 esto
417 1509 801 1590 misericors,
827 1529 859 1568 n
892 1512 1013 1573 etc.
1042 1526 1288 1592 usque:
1327 1530 1358 1570 α
1383 1506 1643 1573 Fiducia
1669 1525 1802 1574 ma-

256 1633 393 1698 gna
417 1615 541 1680 erit
566 1632 783 1679 coram
824 1631 1081 1679 summo
1124 1614 1254 1679 Deo
1300 1612 1707 1697 eleemosyna
1730 1614 1801 1676 in

253 1722 356 1790 die
382 1722 777 1789 necessitatis
811 1743 827 1787 ε
857 1743 890 1782 1>
925 1722 1223 1805 quae'erit
1258 1722 1393 1786 dies
1433 1722 1659 1786 mortis
1683 1769 1702 1799 ,
1730 1721 1801 1784 in

252 1851 384 1915 qua
409 1832 816 1915 eleemosyna
842 1831 964 1895 erit
987 1830 1222 1895 fiducia
1260 1848 1507 1912 magna
1531 1830 1615 1894 ad
1639 1847 1799 1896 evo-

251 1939 542 2021 landum,
566 1940 731 2004 sicut
750 1938 983 2005 fiducia
999 1937 1233 2022 aquilae
1249 1943 1401 2004 sunt
1422 1938 1543 2004 alae
1565 1937 1714 2004 duee
1731 1943 1753 1979 ⁸
1778 1960 1794 2004 z

261 2070 292 2110 α
320 2045 496 2112 Datae
544 2051 698 2111 sunt
727 2046 984 2120 mulieri
1024 2045 1170 2110 duae
1211 2045 1329 2110 alae
1370 2044 1607 2129 aquilae
1653 2064 1799 2110 ma-

252 2172 406 2237 gnae
422 2201 441 2233 ‚
470 2175 504 2215 n
562 2158 683 2219 etc.
724 2154 961 2239 Aquila
1002 2153 1449 2220 liberalissima
1491 2159 1589 2220 est
1643 2177 1659 2220 z
1708 2154 1800 2219 sic

250 2263 456 2343 igitur
482 2263 700 2328 anima
740 2261 1103 2328 misericors
1137 2263 1568 2330 communicet
1609 2264 1795 2330 subs-

250 2369 520 2435 tantiam
544 2387 729 2435 suam
756 2369 1226 2452 indigentibuS‚
1256 2371 1424 2436 sicut
1448 2370 1667 2454 aquila
1693 2389 1794 2436 es-

253 2495 397 2556 cam
423 2496 612 2544 suam
638 2479 894 2544 avibus.
924 2475 1048 2544 Per
1072 2479 1232 2544 duas
1259 2479 1392 2543 alas
1416 2479 1655 2562 duplex
1682 2480 1799 2544 mi-

249 2586 594 2652 sericordia
619 2586 1020 2668 significatur
1050 2609 1067 2651 ε
1098 2605 1233 2653 000
1255 2606 1339 2652 ex
1372 2593 1614 2671 septem
1643 2607 1798 2673 ope-

251 2693 432 2758 ribus
459 2692 923 2776 spiritualibus»,
955 2712 1100 2779 quae
1127 2713 1244 2760 sex
1269 2696 1501 2780 pennis
1526 2701 1793 2778 constat,

251 2801 330 2868 de
356 2801 593 2885 quibus
617 2819 842 2868 versus
871 2823 887 2868 ε

373 2964 621 3032 Consule,
645 2965 856 3033 castiga,
878 2966 1065 3033 solare,
1091 2969 1315 3032 remitte,
1336 2969 1434 3035 fer,
1457 2982 1574 3034 ora3

247 3128 375 3194 alia
400 3146 483 3194 ex
509 3147 626 3196 sex
651 3128 951 3212 operibus
994 3127 1447 3196 misericordiae
1489 3148 1795 3215 corpora-

246 3236 439 3317 libus,
470 3254 617 3320 quae
644 3254 759 3301 sex
782 3236 1010 3319 pennis
1033 3241 1311 3316 constat,
1339 3238 1420 3304 de
1444 3238 1682 3323 quibus
1718 3240 1740 3275 ⁰
1773 3262 1789 3304 z

255 3367 289 3407 0
312 3343 606 3424 Esurivi,
635 3365 668 3405 u
703 3347 825 3408 010.
873 3343 1162 3428 Septima
1200 3350 1419 3411 tamen
1444 3346 1699 3412 additur
1726 3349 1794 3414 in

244 3451 450 3528 ‚Tabia
512 3458 558 3533 ⁷,
619 3451 859 3517 00111001
915 3452 1178 3536 sepelire
1236 3456 1561 3534 mortuos;
1623 3453 1794 3524 uude

244 3576 474 3626 versus
508 3580 524 3624 ε

309 3719 529 3788 colligo,
553 3722 702 3786 poto,
724 3719 859 3784 cibo,
886 3720 1105 3786 redimo,
1125 3722 1269 3787 tego,
1290 3720 1462 3788 visito,
1493 3722 1679 3775 condo.

246 3882 359 3948 His
382 3882 502 3948 alis
527 3882 745 3947 anima
778 3880 1140 3947 misericors
1179 3882 1522 3950 draconem
1567 3884 1789 3950 diabo-

245 3991 382 4060 lum
409 3992 622 4058 evadit
648 3991 717 4055 in
744 3994 972 4056 morte.
1001 3990 1385 4056 Ambrosius
1411 3990 1435 4025 ⁸
1485 4012 1503 4058 ε
1563 4015 1595 4053 α
1644 3991 1792 4059 Sola

246 4100 681 4166 misericordia
706 4110 921 4165 comes
948 4105 1046 4166 est
1071 4100 1542 4166 detunctorum.
1569 4121 1601 4161 n
1776 4168 1781 4174 ,

325 4206 415 4273 De
440 4209 629 4274 tertio
657 4209 680 4245 ⁹
724 4230 741 4270 ε
778 4230 811 4270 11
836 4207 1162 4273 iudicium
1190 4208 1331 4273 sine
1358 4208 1790 4277 misericordia

245 4315 356 4381 flet
382 4316 467 4396 ei,
496 4316 611 4399 qui
641 4333 774 4380 non
800 4315 1015 4381 fecerit
1042 4314 1567 4381 misericordiam.
1599 4316 1788 4385 Mise-

244 4422 520 4488 ricordia
534 4421 1313 4506 superexaltatJudicium.
1333 4422 1548 4489 »Tunc
1565 4427 1733 4490 certe
1743 4424 1788 4461 ¹⁰

252 4554 281 4585 ι
307 4529 477 4595 beati
518 4529 989 4610 misericordes,
1019 4530 1325 4614 quoniam
1368 4532 1493 4615 ipsi
1536 4533 1784 4597 miseri-

247 4637 527 4704 cordiam
544 4686 562 4719 ,
592 4660 625 4700 n
676 4640 798 4704 010.
846 4637 896 4704 Ο
937 4654 1089 4703 vere
1128 4638 1371 4720 optima
1420 4639 1786 4706 advocatrix

244 4745 708 4812 misericordia!
746 4744 905 4811 Nota
920 4794 938 4826 ‚
987 4745 1158 4829 quod
1202 4747 1590 4832 quandoque
1636 4767 1787 4814 reus

244 4852 455 4919 evadit
473 4852 793 4937 judicium
820 4853 1180 4920 humanum
1197 4901 1218 4933 ,
1250 4854 1354 4920 vel
1389 4872 1505 4938 per
1542 4855 1784 4920 bonum

243 4960 626 5028 advocatum
640 5006 663 5040 ,
708 4958 814 5025 vel
857 4977 1096 5025 munus
1145 4961 1588 5028 absconditum
1608 5010 1628 5042 ,
1680 4962 1786 5029 vel

309 5124 326 5153 ⁷
353 5124 590 5187 August„
622 5133 780 5173 serm.
821 5131 1052 5184 mnu,
1076 5135 1130 5173 n.
1169 5125 1227 5186 2,
1258 5124 1428 5187 quoad
1467 5137 1694 5175 sensum.
1721 5151 1784 5164 —

245 5192 264 5224 ²
288 5194 424 5257 Luc„
446 5204 523 5257 vi,
545 5195 628 5256 37,
654 5194 736 5245 38.
764 5216 826 5230 -
852 5192 873 5223 ³
894 5193 1095 5250 let-em„
1132 5205 1197 5257 vi,
1220 5196 1300 5245 2³.
1331 5221 1387 5232 -
1416 5195 1439 5230 δ
1462 5194 1598 5262 Τοὸ.,
1630 5208 1697 5261 ιν,
1727 5200 1783 5249 8-

248 5268 326 5316 12.
344 5291 407 5305 -
432 5267 451 5297 ⁸
472 5268 646 5331 apoc„
669 5276 769 5325 ιιι,
797 5267 874 5314 11.
900 5290 955 5300 —-
982 5264 1004 5299 ⁸
1027 5264 1233 5325 Mateta„
1258 5277 1382 5329 m,
1407 5268 1485 5319 35.
1505 5294 1569 5307 —
1593 5269 1617 5305 '¹
1646 5268 1784 5334 rob„

245 5348 314 5400 11,
355 5340 403 5388 7.
445 5364 510 5376 -
547 5336 572 5371 ⁸
614 5334 872 5399 Ambros„
916 5336 971 5384 in
1009 5336 1146 5394 Luc„
1186 5336 1276 5387 lib.
1322 5338 1443 5400 vn,
1476 5352 1533 5390 0.
1576 5342 1687 5390 122.
1721 5366 1781 5380 -

244 5410 263 5440 ’
291 5410 418 5474 Jac„
446 5420 505 5475 u,
530 5409 611 5460 13.
639 5433 703 5445 -
728 5407 773 5444 ¹⁰
792 5405 997 5470 ucula„
1027 5417 1076 5472 v,
1105 5409 1152 5459 7.
1183 5434 1240 5445 -
1270 5408 1309 5448 ¹¹
1338 5409 1480 5462 Peal.
1508 5423 1618 5474 cxi,
1645 5414 1696 5468 5,
1721 5438 1780 5452 .-

3348 411 3464 471 327

1916 553 2136 618 preces
2161 537 2518 604 amicorum
2552 561 2568 606 ε
2597 542 2764 607 sicut
2789 542 2984 608 etiam
3009 541 3340 625 injudicio
3366 542 3465 608 di-

1919 643 2074 709 vino
2103 646 2538 712 misericordia
2566 653 2662 713 est
2701 649 2941 734 optima
2968 650 3293 715 advocata.
3343 648 3461 714 Mi·
3492 709 3498 715 .

1916 751 2274 820 sericordiae
2295 754 2469 820 enim
2497 773 2692 839 opera
2717 761 2869 824 sunt
2895 758 3079 843 quasi
3126 776 3245 842 pro
3278 757 3464 822 nohis

1914 858 2285 948 allegantes.
2328 861 2624 929 Psalmus
2666 867 2710 909 ¹¹
2743 888 2759 930 :
2799 865 3187 932 «Jucundus
3223 865 3459 946 hom0‚

1915 967 2029 1050 qui
2057 968 2431 1050 miseretur3
2464 992 2496 1032 n
2535 970 2758 1037 Glossa
2789 995 2804 1038 :
2850 996 2882 1034 α
2913 973 3066 1038 Haec
3106 973 3270 1037 facta
3311 977 3465 1038 sunt

1914 1076 2096 1158 quasi
2122 1095 2448 1142 sermones
2467 1126 2484 1158 ‚
2515 1079 2751 1163 quibus
2776 1080 3148 1145 defendetur
3181 1081 3249 1144 in
3282 1081 3460 1164 judi·

1913 1183 2036 1247 cio,
2067 1204 2098 1243 1)
2154 1184 2313 1250 Ecce
2358 1185 2791 1253 misericordia
2836 1207 2968 1253 non
3007 1188 3218 1254 solum
3268 1193 3362 1253 est
3393 1190 3463 1252 in

1911 1289 2147 1372 dand0‚
2176 1293 2289 1358 sed
2315 1294 2512 1358 etiam
2549 1294 2619 1359 in
2644 1296 3141 1375 commodando,
3172 1296 3284 1360 sed
3323 1296 3462 1364 sine

1909 1417 2133 1465 usura.
2165 1399 2504 1467 psalmista
2529 1404 2577 1442 ¹²
2610 1425 2626 1467 ε
2654 1402 2872 1468 «Tota
2900 1403 3000 1468 die
3035 1403 3374 1470 miseretur
3398 1407 3463 1470 et

1914 1508 2299 1574 commodat.
2328 1529 2360 1568 n
2407 1508 2565 1586 Quae
2614 1510 2968 1575 benedictio
2997 1529 3112 1594 pro
3161 1511 3461 1596 operibus

1910 1614 2363 1680 misericordiae
2392 1615 2648 1681 dabitur
2674 1617 2720 1653 ¹⁸
2751 1639 2767 1681 :
2795 1640 2827 1678 c
2852 1616 3076 1683 Venite
3093 1666 3115 1697 ,
3145 1619 3460 1684 benedicti

1909 1720 2148 1803 Patris,
2179 1743 2211 1782 1>
2248 1726 2366 1788 etc.
2401 1723 2560 1790 Item
2605 1724 3038 1790 misericordia
3081 1729 3176 1790 est
3216 1744 3456 1792 munus

1908 1830 2259 1912 pretiosum
2285 1830 2329 1866 ¹*
2361 1852 2377 1895 :
2419 1853 2451 1893 0
2477 1831 2711 1897 Μο000
2747 1832 3188 1898 absconditum
3245 1833 3454 1898 extin-

1912 1939 2061 2017 guit
2075 1936 2227 2001 iras.
2245 1957 2277 1996 n
2312 1936 2445 2002 Hoc
2471 1956 2739 2003 munere
2758 1938 3138 2006 redimimur
3155 1940 3234 2005 de
3250 1958 3454 2006 manu

1900 2043 2159 2126 judicis·
2202 2044 2610 2127 Augustinus
2640 2047 2686 2088 ¹⁵
2718 2068 2734 2111 ε
2769 2069 2801 2109 c
2848 2045 3107 2114 Redime
3152 2049 3255 2125 te,
3299 2046 3455 2112 dum

1907 2152 2077 2219 vivis
2107 2170 2126 2217 ε
2157 2154 2396 2218 redime
2421 2154 2700 2236 teipsum
2719 2202 2738 2234 ,
2767 2154 2926 2219 dum
2953 2158 3132 2237 potes
3160 2175 3177 2218 z
3208 2154 3451 2220 redime

1906 2264 1996 2342 10,
2025 2261 2183 2327 dum
2211 2263 2492 2345 pretium
2518 2264 2715 2329 habes
2740 2263 2810 2327 in
2837 2262 3136 2327 manibus
3166 2263 3453 2328 :redime

1906 2371 1971 2433 te
1987 2416 2006 2448 ‚
2040 2388 2125 2433 00
2149 2370 2306 2435 dum
2345 2388 2519 2434 mors
2544 2389 2765 2436 amara
2791 2373 2854 2435 te
2880 2369 3193 2454 praevenit
3211 2418 3229 2451 ‚
3262 2373 3325 2436 et
3350 2370 3449 2436 vi-

1905 2477 2042 2540 tam
2069 2476 2264 2542 simul
2292 2482 2355 2542 et
2380 2477 2659 2561 pretium
2705 2478 2955 2562 perdas,
3000 2499 3032 2538 1>
3069 2477 3230 2543 Item
3256 2479 3446 2546 mise-

1903 2585 2178 2652 ricordia
2204 2589 2301 2650 est
2319 2586 2563 2670 optima
2586 2566 3012 2654 interventrix
3039 2588 3085 2627 ¹⁰
3104 2607 3165 2651 :c
3193 2585 3452 2651 Conclu-

1902 2695 1982 2759 de
2008 2694 2481 2780 eleemosynam
2511 2696 2581 2759 in
2620 2696 2766 2761 sinu
2811 2696 3113 2779 pauperis
3132 2745 3149 2777 ,
3198 2699 3263 2764 et
3305 2696 3449 2762 11000

1902 2821 2019 2886 pro
2067 2807 2132 2868 te
2171 2804 2378 2868 orabit
2420 2803 2502 2869 ad
2550 2804 2919 2869 Dominum.
2968 2823 3000 2862 n
3056 2802 3238 2870 Tunc
3281 2809 3450 2872 certe

1901 2909 2049 2993 plus
2076 2910 2294 2977 valent
2321 2928 2538 2994 preces
2565 2910 3042 2990 misericordiae,
3078 2928 3273 2994 quam
3303 2929 3444 2976 om-

1900 3017 2089 3083 nium
2113 3023 2480 3084 sanctorum
2508 3020 2552 3055 ¹⁷
2586 3037 2604 3083 ε
2645 3042 2676 3081 a
2701 3018 2828 3084 Nec
2865 3019 3189 3103 aquiescat
3227 3021 3444 3102 cujus-

1901 3145 2098 3210 quam
2130 3126 2447 3209 precibus.
2489 3149 2522 3189 u

1982 3233 2069 3299 De
2095 3238 2323 3317 quarto
2349 3234 2394 3271 ¹⁸
2426 3257 2441 3299 ε
2484 3257 2516 3297 α
2540 3234 2741 3302 David
2780 3235 2849 3299 in
2874 3253 3059 3300 suam
3087 3236 3452 3302 isericordia

1901 3347 2280 3408 consecutus
2324 3347 2419 3408 est
2476 3342 2693 3407 sedem
2743 3343 2935 3423 regni
2982 3343 3051 3406 in
3101 3342 3361 3410 saecula.
3406 3367 3438 3406 1)

1898 3448 2058 3515 Εο00
2085 3449 2523 3514 misericordia
2548 3449 2697 3514 facit
2739 3466 2858 3513 nos
2897 3466 3088 3530 reges
3132 3450 3443 3516 coelestes.

1899 3555 1949 3622 Ο
1978 3556 2338 3636 ambitiose,
2364 3574 2405 3621 0
2429 3573 2646 3637 avare,
2675 3574 2874 3640 quam
2899 3556 3172 3622 libenter
3199 3575 3447 3624 emeres

1897 3664 2187 3743 denari0‚
2218 3663 2324 3731 vel
2350 3681 2651 3729 coronam
2681 3662 2961 3747 Imperii,
2991 3664 3096 3729 vel
3122 3663 3441 3731 Franciael

1897 3772 2077 3839 Certe
2100 3773 2330 3838 melius
2356 3774 2572 3838 forum
2593 3773 2794 3838 habes
2814 3774 2894 3839 de
2917 3791 3150 3839 corona
3174 3779 3440 3858 aeterna,
3543 3779 3550 3786 ’

1895 3899 2092 3965 quam
2120 3880 2403 3964 acquiris
2443 3880 2579 3945 sola
2601 3881 2775 3946 hona
2804 3880 3159 3974 voluntate,
3187 3883 3242 3947 si
3270 3882 3444 3949 aliud

1894 4007 2027 4055 non
2070 3988 2267 4054 babes
2281 4037 2304 4069 ‚
2353 4007 2551 4072 quam
2595 3990 2788 4054 etiam
2834 3990 2890 4052 si
2934 3989 3106 4055 mille
3151 3983 3445 4056 marchas

1894 4097 2041 4161 auri
2069 4113 2188 4180 pro
2224 4095 2363 4179 ipsa
2401 4096 2795 4179 expenderes
2840 4095 2910 4159 in
2949 4113 3145 4179 opera
3190 4098 3445 4162 miseri-

1894 4204 2152 4270 cordiae.
2185 4203 2770 4286 lncomparabiliter
2794 4204 2968 4268 enim
2994 4203 3139 4287 plus
3158 4205 3327 4270 valet
3344 4225 3445 4271 co-

1893 4331 2059 4378 rona
2086 4312 2313 4395 gloriae
2333 4361 2351 4392 ,
2385 4330 2582 4395 quam
2632 4315 2729 4376 tot
2753 4329 3008 4377 coronae
3052 4312 3398 4378 mundanae
3414 4361 3435 4393 ,
3490 4371 3496 4378 .

1893 4424 2052 4504 quot
2099 4418 2347 4484 denarii
2395 4421 2547 4483 sunt
2591 4418 2662 4482 in
2709 4419 2884 4483 mille
2931 4419 3213 4484 millibus
3258 4437 3438 4484 mar-

1892 4528 2052 4593 chis.
2096 4529 2249 4591 Haec
2294 4529 2510 4590 autem
2556 4544 2670 4608 per
2716 4526 3219 4592 misericordiam
3271 4545 3440 4593 com-

1892 4641 2177 4721 paratur.
2208 4634 2503 4702 Psalmus
2530 4635 2575 4675 ¹⁹
2608 4652 2673 4697 :c
2696 4634 2818 4712 Qui
2845 4640 3108 4701 coronat
3130 4640 3193 4701 te
3213 4637 3283 4701 in
3309 4637 3435 4702 mi·-

1890 4744 2254 4824 sericordia‚
2288 4765 2319 4804 ι)
2354 4747 2472 4808 etc.
2503 4743 2859 4808 Bernardus
2899 4744 2947 4780 ²⁰
2995 4763 3013 4809 ε
3062 4767 3093 4808 α
3118 4746 3168 4812 Ο
3200 4751 3440 4829 quanta

1889 4852 2214 4919 beatitudo
2228 4870 2345 4936 pro
2372 4851 2591 4935 parvis
2610 4869 2856 4933 magna·
2867 4851 3173 4935 recipere,
3195 4857 3437 4918 aeterna

1890 4979 2008 5044 pro
2035 4959 2373 5040 brevibus,
2408 4976 2527 5043 pro
2558 4958 2859 5042 perituris
2901 4976 3155 5042 semper
3202 4959 3431 5028 viven-

1889 5069 2000 5147 tia,
2040 5071 2104 5132 et
2125 5067 2363 5132 habere
2390 5064 2591 5132 Deum
2619 5064 3008 5132 debitorem!
3043 5086 3076 5127 ι

1889 5194 1930 5230 ¹²
1958 5192 2092 5244 Psal.
2120 5204 2312 5257 xxxvt,
2340 5194 2423 5243 26.
2455 5216 2518 5229 —
2544 5190 2586 5226 ¹⁸
2609 5189 2815 5254 Manli„
2844 5204 2966 5254 xxv,
2994 5193 3073 5243 34.
3101 5217 3164 5230 —
3194 5190 3237 5229 ²⁸
3263 5191 3434 5257 Prov„

1891 5276 2006 5328 xxi,
2040 5267 2120 5316 14.
2143 5291 2204 5304 -
2238 5266 2280 5302 ¹⁸
2299 5267 2430 5328 Aug.
2460 5287 2522 5300 —
2548 5262 2592 5296 1‘
2622 5261 2803 5325 Exta,
2830 5274 2975 5326 xm,
3004 5267 3084 5314 15.
3102 5290 3165 5303 —
3194 5265 3236 5300 ¹⁷
3255 5267 3435 5326 Pron„

1888 5347 1970 5398 vr,
2012 5338 2091 5388 33.
2131 5359 2192 5374 -
2231 5337 2270 5367 ¹⁸
2308 5336 2328 5392 1
2368 5332 2551 5394 uach..
2590 5344 2661 5396 11,
2695 5333 2774 5386 57.
2816 5358 2881 5372 —
2920 5337 2957 5368 ¹·
2995 5334 3133 5397 Ρεαζ.
3170 5347 3272 5410 cu,
3300 5339 3350 5398 4.
3376 5363 3430 5384 -η
3523 5405 3542 5414 -

1887 5409 2109 5462 ”Bern-
