4059 6317
1027 505 1408 575 DOMINICA
1450 504 1531 572 IN
1574 504 1981 573 PASSIONE.
2025 505 2291 575 SERMO
2333 507 2442 575 111.

164 662 279 708 mae
302 647 366 708 et
387 643 662 728 spiritus.
692 663 724 704 ι
758 641 972 709 Tertio
1008 643 1267 709 divinus
1296 660 1510 708 sermo
1535 659 1675 708 eor·

164 751 404 816 roborat
431 749 806 815 irascibilem
833 768 946 833 per
967 749 1506 834 perseverantiam
1541 749 1681 814 lon·

166 857 538 940 ganimitatis
561 858 725 940 spei3
756 857 929 922 unde
947 858 966 893 ¹
1000 879 1016 922 :
1057 880 1090 919 α
1116 856 1338 922 Omnis
1363 858 1477 941 qui
1507 856 1682 922 venit

162 966 234 1031 ad
259 983 382 1046 me,
412 968 477 1030 et
501 964 678 1029 audit
709 982 1036 1031 sermones
1057 982 1257 1046 meos,
1285 964 1522 1030 etfacit
1547 982 1680 1045 eos,

164 1073 473 1138 ostendam
512 1071 694 1138 vobis
730 1072 836 1137 cui
876 1071 1104 1136 similis
1149 1073 1252 1136 sit.
1302 1070 1540 1137 Similis
1585 1075 1683 1137 est

163 1180 391 1245 homini
410 1179 744 1246 aediflcauti
758 1181 1045 1260 domum,
1064 1178 1178 1263 qui
1196 1179 1348 1244 rodit
1364 1178 1435 1243 in
1452 1178 1678 1259 altum,

165 1291 218 1351 et
241 1287 449 1369 posuit
469 1287 956 1352 fundamentum
978 1304 1176 1369 supra
1197 1290 1465 1369 petram.
1493 1285 1685 1351 Inun-

165 1394 400 1459 datione
454 1397 666 1460 autem
725 1394 889 1459 facta
915 1441 938 1473 ,
983 1393 1221 1459 illisum
1278 1397 1374 1458 est
1439 1393 1684 1458 flumen

165 1500 369 1566 domui
394 1501 506 1582 illi,
546 1506 611 1566 et
637 1519 770 1567 non
797 1500 1003 1583 potuit
1030 1518 1174 1565 eam
1197 1518 1489 1581 movere,
1544 1500 1684 1565 tun-

167 1609 293 1673 data
319 1608 487 1673 enim
513 1613 651 1674 erat
691 1626 892 1691 supra
932 1611 1204 1691 petram.
1233 1628 1265 1667 ιι
1306 1607 1528 1675 Omnis
1568 1609 1685 1690 qui

167 1717 326 1784 vertit
351 1715 441 1783 od
463 1733 556 1783 me
596 1734 714 1800 per
757 1715 983 1795 fldem,
1034 1721 1097 1784 et
1140 1714 1328 1784 audit
1366 1732 1684 1784 semones

166 1839 318 1891 meos
345 1842 487 1889 cum
508 1823 874 1903 devotione,
904 1828 962 1890 et
1006 1824 1168 1904 facit
1190 1839 1292 1891 eos
1325 1841 1440 1907 per
1475 1823 1686 1907 operis

168 1932 608 2008 executionem,
627 1930 875 1997 similis
899 1934 989 1997 est
1009 1930 1281 2010 homini,
1310 1929 1378 1995 id
1397 1932 1496 1994 est
1516 1929 1688 1996 Chri-

169 2041 255 2102 sto
280 2037 626 2117 mediatori,
655 2036 1023 2118 oedifiwnti
1045 2036 1304 2104 domum
1331 2037 1401 2100 in
1434 2036 1688 2119 exposi-

171 2147 325 2212 tione
349 2146 782 2226 intellectuali,
801 2147 920 2229 qui
942 2144 1114 2227 fodit
1139 2147 1214 2212 in
1242 2145 1466 2224 ultum,
1493 2150 1555 2213 et
1571 2160 1689 2228 po-

174 2256 263 2321 nit
291 2254 778 2334 tundamentum
801 2268 1001 2334 supra
1022 2259 1300 2335 petram,
1330 2252 1393 2317 id
1420 2257 1537 2332 est,
1558 2270 1689 2317 non

179 2362 238 2426 in
255 2361 665 2427 mutabilitate
685 2361 767 2444 (α)
797 2364 1224 2440 terrenorum,
1244 2361 1355 2425 sed
1375 2361 1442 2424 in
1470 2378 1690 2444 perpe·

174 2471 372 2536 tuitate
398 2472 816 2536 aeternorum.
844 2468 1023 2534 Unde
1049 2464 1266 2533 Glossa
1298 2490 1315 2534 ε
1356 2491 1387 2530 α
1412 2468 1597 2534 Fodit
1623 2468 1691 2533 in

176 2579 351 2643 altum
367 2627 389 2657 ‚
435 2578 547 2661 qui
607 2574 948 2658 praeeeptis
1002 2574 1387 2640 humilitatis
1440 2580 1693 2643 terrena

177 2688 368 2752 omnia
390 2687 466 2752 de
486 2685 678 2752 corde
705 2702 823 2749 suo
851 2683 1137 2749 funditus
1172 2684 1360 2764 eruit,
1387 2702 1470 2748 ne
1496 2702 1688 2767 prop-

178 2800 259 2860 ter
277 2795 526 2880 aliquod
553 2793 848 2859 fluxibile
874 2793 1003 2859 Deo
1048 2794 1305 2873 serviat,
1353 2798 1428 2860 ut
1467 2794 1689 2859 incon-

182 2921 396 2967 cussam
422 2902 496 2967 in
522 2901 618 2968 eis
642 2900 877 2965 habeat
901 2899 1366 2965 mansionem.»
1410 2899 1696 2966 Inunda-

183 3012 323 3077 ἥατο
340 3016 550 3079 amem
576 3010 782 3091 facta,
801 3008 868 3073 id
885 3011 1001 3087 est,
1030 3008 1472 3090 persecutione
1486 3007 1697 3072 insur-

180 3124 375 3200 gente,
416 3118 667 3187 illisum
721 3123 817 3184 est
869 3115 1107 3199 flumen
1123 3162 1140 3193 ,
1186 3114 1252 3180 id
1301 3119 1430 3196 est,
1488 3115 1696 3181 carnis

183 3225 430 3306 lascivia,
461 3224 696 3290 mundi
721 3223 1201 3301 oblectamenta,
1231 3226 1295 3288 et
1320 3222 1694 3289 daemonum

183 3332 449 3416 impulsio
496 3356 514 3398 ε
566 3333 821 3412 domui,
867 3330 932 3395 id
975 3333 1105 3409 est,
1150 3328 1256 3396 tui
1298 3329 1698 3395 aedificationi

183 3441 474 3508 virtutum
506 3464 523 3507 :
556 3456 690 3508 non
727 3441 944 3522 potuit
969 3453 1104 3505 eam
1139 3452 1418 3516 movere,
1460 3435 1527 3501 id
1570 3441 1694 3517 est,

184 3548 495 3615 dirimere:
542 3555 608 3615 et
649 3549 816 3613 ratio
860 3551 996 3626 est,
1046 3546 1206 3628 quia
1246 3542 1529 3626 fundata
1562 3551 1702 3612 erat

182 3671 349 3739 mper
371 3661 642 3740 petram,
671 3654 738 3719 id
758 3658 874 3734 est,
903 3653 1246 3718 Christum.
1287 3651 1445 3730 Quae
1484 3655 1696 3717 autem

185 3765 347 3844 cadit,
392 3783 528 3830 non
574 3779 772 3846 super
816 3760 1141 3826 Christum
1189 3759 1564 3825 aedificatur.
1615 3759 1702 3825 De

185 3867 270 3933 his
292 3871 580 3936 similiter
601 3876 626 3911 ¹
654 3891 670 3934 ε
709 3890 742 3929 α
782 3866 1090 3961 Singulos
1115 3870 1331 3931 autem
1359 3884 1586 3931 eorum
1607 3885 1705 3931 ar-

189 3979 364 4042 mavit
401 3996 535 4043 non
562 3975 771 4061 clypei
806 3979 872 4038 et
909 3975 1114 4039 hastae
1151 3974 1509 4039 munitione
1526 4021 1548 4052 ,
1593 3973 1704 4039 sed

190 4085 568 4150 sermonibus
597 4081 877 4167 optimis.
910 4101 942 4140 n

256 4192 544 4278 Sequitur
591 4211 610 4257 ε
660 4191 744 4258 Si
792 4192 942 4274 quia
984 4190 1342 4257 servaverit
1382 4208 1406 4254 .·
1452 4189 1565 4255 ubi
1597 4207 1705 4255 se-

188 4301 372 4366 cundo
382 4304 644 4366 notatur
663 4299 766 4363 fru
774 4297 1071 4363 ctificatio
1086 4297 1274 4363 bonae
1292 4297 1702 4381 operationis.

191 4405 326 4484 Quia
347 4409 519 4473 enim
541 4407 762 4472 anima
788 4424 872 4471 ex
891 4405 1223 4470 influentia
1248 4404 1450 4470 divini
1474 4422 1709 4470 sermo-

191 4513 276 4577 nis
305 4520 394 4579 est
435 4515 755 4579 illustrata
792 4513 1064 4578 veritate
1103 4512 1276 4592 fidei,
1316 4512 1710 4577 inflammata

192 4620 470 4688 charitate
492 4621 746 4702 Christi,
787 4620 1194 4685 corroborata
1222 4618 1710 4702 longanimitate

191 4731 325 4811 spei,
351 4731 492 4796 ideo
514 4734 611 4795 est
636 4728 825 4795 valde
850 4728 1014 4792 bene
1041 4726 1340 4811 disposita
1381 4727 1464 4792 ad
1498 4727 1711 4792 obser-

194 4836 452 4902 vandum
495 4837 791 4902 divinum
819 4852 1201 4914 sermonem,
1249 4852 1333 4899 ex
1379 4837 1567 4918 cuius
1594 4835 1710 4901 ob-

198 4947 529 5012 servatione
554 4944 854 5030 producit
877 4944 1162 5009 fructum
1197 4942 1514 5008 bonarum
1556 4960 1708 5026 ope·

199 5054 497 5119 rationum
516 5101 538 5133 ,
596 5052 668 5117 in
722 5068 967 5133 magna
1017 5048 1429 5114 abundantia.
1485 5048 1665 5114 Unde
1685 5097 1709 5130 ‚

201 5161 524 5227 secundum
570 5158 939 5244 praedictam
998 5156 1311 5240 triplicem
1355 5156 1711 5240 dispositio-

3211 515 3321 576 181

1790 640 2121 724 tripliciter
2148 642 2556 725 fructificare,
2595 645 2732 711 sive
2774 645 3115 713 observare
3157 644 3327 712 divi-

1789 764 1950 812 num
1975 766 2359 830 sermonem,
2392 750 2562 834 quod
2588 751 2756 816 idem
2787 753 2884 816 est
2911 752 3083 835 quod
3105 752 3328 817 fructi-

1791 856 1980 920 ficare
1990 874 2107 938 per
2118 856 2319 922 bonas
2331 858 2748 940 operationes.
2761 858 2921 925 Nam
2933 857 3165 942 primo,
3178 860 3332 943 quia

1791 961 2105 1028 illustrata
2132 982 2245 1046 per
2275 966 2606 1031 veritatem
2632 966 2802 1047 fidei,
2848 966 3033 1032 dehet
3074 984 3332 1033 servare

1790 1069 2085 1135 divinum
2113 1090 2474 1137 sermonem
2501 1091 2654 1138 cum
2692 1073 2968 1157 puritate
3003 1074 3329 1138 conscien-

1791 1176 1902 1241 tiae
1917 1224 1938 1256 ‚
1982 1177 2052 1242 in
2090 1180 2550 1246 contemnendo
2600 1181 2952 1261 mundum;
3010 1180 3290 1247 secundo
3307 1229 3329 1261 ,

1792 1284 1944 1366 quia
1968 1284 2363 1350 inflammata
2391 1305 2505 1370 per
2529 1288 3037 1354 benevolentiam
3058 1289 3333 1353 charita·

1791 1391 1874 1455 tis
1900 1390 2152 1470 Christi,
2174 1392 2361 1458 debet
2376 1411 2630 1460 servare
2658 1395 2951 1460 divinum
2972 1413 3334 1460 sermonem

1792 1517 1942 1565 cum
1973 1499 2312 1566 latitudine
2358 1501 2816 1567 benevolentiae
2832 1551 2850 1582 ,
2898 1503 2968 1567 in
3009 1503 3337 1585 diligendo

1793 1604 2029 1686 Deum;
2064 1606 2272 1689 tertio,
2296 1607 2448 1690 quia
2474 1611 2878 1675 corroborata
2908 1628 3022 1693 per
3048 1628 3337 1695 perseve-

1793 1714 2069 1779 rantiam
2097 1714 2600 1797 longanimitatis
2634 1717 2803 1800 spei,
2851 1717 3036 1783 debet
3079 1736 3337 1784 servare

1796 1821 2092 1888 divinum
2117 1820 2478 1887 sermonem
2497 1841 2647 1888 cum
2665 1825 2964 1889 firmitate
2989 1824 3334 1908 patientiae,

1796 1928 1865 1992 in
1893 1928 2223 1994 tolerando
2250 1929 2519 1995 malum.
2561 1928 2809 2011 Primo,
2840 1931 2995 2015 quia
3025 1930 3340 1997 illustrata

1797 2037 2066 2102 veritate
2092 2037 2260 2117 fidei,
2293 2038 2479 2104 debet
2499 2056 2757 2104 servare
2782 2039 3073 2103 divinum
3101 2057 3338 2104 sermo-

1798 2163 1948 2210 nem
1987 2164 2138 2209 cum
2176 2145 2449 2228 puritate
2492 2146 2891 2211 eonscientiae
2935 2146 3005 2210 in
3050 2151 3334 2211 contem-

1797 2253 2007 2318 nendo
2036 2253 2385 2330 mundum;
2419 2252 2587 2317 unde
2613 2253 2851 2319 dicitur
2877 2254 2900 2291 ³
2938 2275 2955 2318 ε
2994 2276 3025 2315 ι
3055 2253 3340 2321 Manifes-

1798 2360 1932 2424 tavi
1957 2377 2196 2425 nomen
2234 2365 2424 2426 tuum
2465 2360 2836 2427 hominibus
2850 2409 2871 2441 ,
2920 2379 3083 2445 qnos
3114 2362 3340 2428 dedisti

1800 2467 1962 2532 mihi
1987 2468 2067 2533 de
2093 2468 2337 2533 mundo
2375 2489 2392 2533 ε
2424 2468 2521 2532 tui
2545 2472 2749 2548 erant,
2780 2471 2846 2533 et
2883 2487 2992 2534 eos
3037 2469 3197 2534 mihi
3225 2470 3336 2535 de·

1800 2575 1989 2654 disti,
2041 2579 2106 2640 et
2152 2592 2511 2640 sermonem
2555 2593 2774 2640 meum
2816 2582 3256 2642 servaverunt.
3300 2598 3332 2639 ι

1801 2681 2084 2749 Verbum
2114 2686 2207 2747 est
2235 2681 2462 2746 Christi
2487 2681 2755 2745 dicentis
2781 2682 2864 2747 ad
2892 2681 3184 2747 Patrem:
3209 2685 3338 2751 Ma·

1801 2791 2114 2871 nisestavi
2139 2806 2367 2857 nomen
2388 2796 2573 2857 tuum
2598 2789 2963 2857 hominibus
2988 2791 3344 2857 humilibus

1803 2903 1868 2963 et
1891 2898 2321 2981 simplicibus,
2354 2897 2527 2982 quod
2554 2902 2579 2938 ⁸
2617 2920 2648 2959 ι
2684 2897 3062 2962 abscondisti
3096 2918 3136 2964 a
3179 2918 3334 2983 pru-

1804 3007 2101 3072 dentibus
2128 3010 2193 3071 et
2217 3006 2637 3090 sapientibuS,
2674 3026 2706 3066 n
2734 3021 2891 3088 quos
2915 3004 3162 3073 dedisti
3186 3007 3349 3074 milii

1805 3114 1883 3182 de
1918 3112 2159 3181 mundo
2205 3115 2464 3197 propter
2508 3112 3015 3178 observationem
3059 3115 3350 3197 puritatis

1805 3227 1869 3288 et
1897 3222 2253 3299 munditiae,
2285 3238 2437 3304 qnae
2461 3220 2530 3283 in
2558 3219 2682 3283 hoc
2707 3219 2950 3284 mundo
2989 3221 3351 3286 conservari

1807 3347 1938 3394 non
1956 3333 2182 3413 potest.
2202 3327 2364 3394 Nam
2384 3327 2407 3363 ⁸
2435 3348 2468 3387 α
2485 3343 2677 3391 omne
2689 3326 2858 3408 quod
2882 3331 2977 3392 est
2993 3326 3064 3391 in
3082 3327 3346 3407 mundo,

1806 3439 1919 3500 aut
1945 3439 2041 3499 est
2074 3432 2581 3516 concupiscentia
2621 3432 2858 3514 carnis,
2905 3454 2936 3493 n
2985 3432 3220 3498 faciens
3248 3434 3352 3499 lu-

1806 3545 2014 3610 bricos
2041 3548 2105 3609 et
2139 3544 2583 3626 voluptuosos3
2631 3546 2743 3608 aut
2779 3565 2812 3604 α
2849 3544 3352 3626 concupiscentia

1808 3653 2163 3733 oculorum,
2194 3673 2227 3712 n
2264 3650 2503 3715 faciens
2542 3649 2805 3733 cupidos
2834 3654 2898 3715 et
2929 3668 3156 3716 avaros
3194 3671 3211 3715 ε
3242 3655 3354 3715 aut

1819 3784 1852 3822 α
1876 3760 2174 3843 superbia
2197 3759 2373 3844 vitae,
2405 3779 2437 3817 n
2470 3756 2710 3822 faciens
2738 3756 3112 3838 magnificos
3135 3761 3202 3824 et
3223 3776 3354 3823 am·

1808 3867 2096 3933 bitiosos.
2158 3866 2284 3932 Tui
2329 3869 2515 3932 erant
2557 3881 2672 3948 per
2720 3863 2999 3944 gratiam
3050 3865 3353 3948 benignae

1811 3975 2187 4060 adoptionis,
2219 3979 2279 4041 et
2296 3988 2399 4040 eos
2418 3971 2585 4039 milti
2616 3969 2866 4039 dedisti
2890 3971 2961 4036 in
2985 3973 3351 4058 discipulos,

1810 4088 1884 4149 ut
1920 4087 2138 4148 notam
2165 4082 2437 4146 tacerem
2471 4079 2564 4143 eis
2591 4077 2764 4145 viam
2810 4077 3028 4145 salutis
3070 4085 3351 4147 aeternae.

1813 4189 1991 4256 Unde
2033 4188 2243 4271 primo
2282 4185 2451 4250 Deus
2487 4183 2675 4249 Pater
2717 4183 2973 4267 adoptat
3011 4185 3358 4267 quemlibet

1812 4298 1880 4362 in
1907 4295 2153 4376 fllium,
2199 4297 2264 4358 et
2302 4296 2522 4377 postea
2568 4290 2762 4355 tradit
2805 4289 3050 4356 Christo
3091 4310 3242 4358 eum
3286 4294 3357 4359 in

1813 4402 2193 4486 discipulum
2207 4449 2224 4482 ,
2271 4399 2376 4466 vel
2404 4401 2547 4482 ejus
2572 4397 2844 4477 vicario,
2891 4401 2962 4463 ut
3007 4397 3358 4465 instruatur

1815 4516 2219 4576 contemnere
2264 4514 2516 4571 terrena
2533 4550 2557 4583 ,
2607 4510 2672 4568 et
2718 4508 3013 4587 appetere
3055 4504 3354 4572 eoelestia.

1816 4618 1994 4685 Unde
2038 4613 2303 4700 apostoli
2321 4661 2343 4693 ,
2391 4611 2545 4696 quia
2586 4610 2818 4676 mundi
2861 4615 2927 4675 et
2967 4611 3356 4678 immaculati

1815 4726 2078 4791 fuerunt
2105 4740 2217 4805 per
2243 4722 2678 4801 contemptum
2708 4721 3112 4783 terrenorum
3148 4721 3213 4784 et
3239 4737 3352 4802 ap·

1819 4832 2089 4917 petitum
2116 4827 2509 4903 divinorum,
2529 4824 2672 4889 ideo
2696 4838 3035 4891 sermonem
3061 4824 3356 4891 divinum

1817 4940 2238 5007 servaverunt
2262 4951 2411 4999 cum
2445 4931 2718 5015 puritate
2750 4933 3173 5014 conscientiae,
3220 4935 3359 4999 sine

1819 5066 1950 5132 qua
1975 5044 2233 5110 divinus
2272 5055 2484 5104 sermo
2524 5036 2766 5101 servari
2804 5055 2935 5102 non
2968 5044 3193 5122 potest.
3242 5040 3356 5107 se-

1823 5153 2035 5219 cundo
2054 5200 2071 5232 ,
2114 5147 2268 5232 quia
2310 5145 2707 5210 inflammata
2752 5143 3055 5211 charitate
3095 5146 3325 5215 Christi
3340 5198 3360 5228 ,

203 5283 333 5331 nem
347 5317 364 5349 ,
417 5286 498 5334 ex
541 5266 877 5332 influentia
927 5264 1130 5330 divini
1180 5263 1493 5329 sermonis
1535 5264 1720 5331 debet
1825 5260 2011 5325 debet
2037 5274 2294 5323 servare
2322 5253 2616 5318 divinum
2652 5269 3011 5317 sermonem
3039 5272 3186 5319 cum
3220 5255 3366 5320 lati-

263 5428 280 5462 ¹
308 5427 435 5492 Luc„
461 5440 534 5491 vi,
563 5427 728 5479 ⁴748.
760 5450 822 5462 —
849 5425 867 5455 ²
895 5424 935 5474 11
958 5422 1145 5487 uach„
1184 5434 1273 5488 xv,
1303 5427 1380 5475 fl.
1409 5451 1469 5462 —
1497 5426 1519 5459 ⁸
1542 5425 1718 5486 κατι,

213 5507 330 5562 xvn,
357 5502 405 5551 ο.
429 5526 489 5539 -
518 5500 542 5537 ὁ
569 5494 782 5558 nauh„
810 5506 889 5559 11,
913 5498 990 5546 25.
1017 5521 1080 5534 —
1105 5496 1128 5532 ⁸
1157 5496 1174 5551 ι
1202 5495 1363 5560 loon„
1397 5507 1456 5563 n,
1484 5498 1562 5549 16.

1828 5366 2054 5434 tudine
2099 5359 2557 5429 benevolentiae.
2573 5406 2595 5438 ,
2636 5359 2706 5423 in
2755 5357 3077 5442 diligendo
3124 5359 3363 5446 Deum3

1897 5493 1964 5559 (a)
1993 5490 2116 5542 Caet.
2144 5488 2270 5543 edit.
2297 5499 2406 5540 non
2436 5483 2857 5543 immutabilitate.
