4059 6317
742 455 825 517 10
1840 446 2251 516 SERMONES
2290 448 2393 516 DE
2432 447 2824 517 TEMPORE.

742 584 832 650 De
855 582 1067 668 primo
1083 582 1386 649 dicitur¹z
1423 580 1617 650 Totus
1639 596 1821 649 mons
1853 581 2045 651 Sinai
2073 584 2266 663 fumi-

740 689 936 774 qabat
982 690 1087 773 (a).
1118 689 1361 755 Fumus
1392 688 1513 753 iste
1540 689 1985 756 contritionem
2011 691 2265 773 signifi-

741 805 843 867 cat
900 799 1264 869 ’zcordis
1327 800 2015 884 ejuspartieulamsi
2073 819 2268 885 super

739 908 1036 977 carbones
1056 923 1298 993 ponas,
1344 909 1561 988 stamus
1587 907 1726 991 ejus
1770 911 2050 978 ea'trz'cat
2090 924 2268 977 omne

737 1032 932 1102 oenus
974 1016 1454 1084 doemoniorum.
1502 1015 1589 1081 De
1634 1017 1912 1082 secundo
1961 1016 2194 1082 dicitur
2217 1019 2265 1096 ⁸,

737 1124 909 1208 quod
935 1122 1133 1190 nubes
1158 1123 1545 1191 derisissima
1580 1125 1774 1207 coepit
1811 1124 2055 1207 operire
2093 1139 2268 1191 mon-

736 1237 884 1300 tm.
914 1229 1129 1297 Nubes
1153 1230 1556 1296 devotionem
1581 1230 1929 1312 significat,
1970 1250 2118 1314 quae
2145 1231 2265 1297 ho-

735 1339 977 1403 minem
1002 1336 1173 1403 dulci
1195 1337 1626 1420 lacrymarum
1650 1337 1823 1403 nube
1852 1338 2216 1421 perfundit*
2240 1359 2256 1401 ε

737 1445 1049 1513 cribrans
1069 1458 1275 1527 aquas
1298 1442 1378 1509 de
1393 1442 1668 1510 nubibus
1687 1443 1997 1511 cattorum.
2026 1444 2114 1510 De
2138 1448 2263 1510 ter-

731 1552 821 1618 tio
850 1551 1080 1617 dicitur
1111 1551 1348 1616 ibidem
1376 1555 1446 1614 ⁸:
1494 1550 1587 1619 Eo
1614 1550 1804 1634 quod
1843 1550 2267 1620 descendisset

731 1659 1049 1727 Dominus
1076 1673 1270 1742 super
1292 1674 1434 1725 eum
1459 1659 1537 1725 in
1559 1660 1725 1741 ione,
1755 1658 1993 1724 scilicet
2015 1659 2087 1723 in
2112 1659 2267 1742 igne

732 1768 973 1833 amoris
1017 1767 1098 1833 ad
1146 1768 1453 1852 perfectos
1496 1766 1816 1831 descendit
1840 1765 1862 1801 ⁸
1909 1788 1925 1830 ε
1969 1767 2151 1849 anis
2191 1769 2267 1833 in

734 1874 939 1944 altari
983 1888 1119 1943 meo
1158 1889 1401 1959 semper
1441 1872 1711 1941 ardebit.
1754 1872 2157 1955 Augustinus
2181 1872 2204 1908 ‘¹
2246 1894 2263 1938 z

744 2004 777 2045 ι
800 1981 851 2049 O
880 1998 1082 2060 amor,
1119 1981 1234 2065 qui
1268 1999 1521 2066 semper
1554 1981 1776 2060 ardes,
1823 1984 1887 2046 et
1927 1999 2264 2064 nunquam

733 2090 1164 2174 extinguetis,
1208 2091 1482 2157 charitas
1521 2089 1687 2155 Deus
1727 2108 1949 2170 meus,
1997 2090 2267 2157 accende

732 2217 861 2264 me.
891 2218 924 2260 ι

1287 2366 1576 2438 SERMO
1620 2368 1706 2438 Π.

814 2525 970 2593 Cras
995 2524 1411 2609 earediemini
1431 2575 1450 2607 ,
1483 2530 1542 2594 et
1566 2525 1879 2593 Dominus
1905 2529 2029 2597 erit
2054 2527 2268 2596 vobis-

729 2635 911 2701 cum-⁸
938 2680 955 2697 .
984 2632 1266 2700 Verbum
1302 2634 1473 2699 istud
1498 2633 1686 2700 hodie
1712 2638 1919 2700 cantat
1945 2634 2219 2701 Ecclesia
2247 2656 2265 2701 ε

729 2749 794 2809 et
835 2744 1137 2826 congruit
1184 2743 1443 2808 instanti
1499 2742 1878 2826 solemnitati
1925 2745 2269 2810 nativitatis

729 2851 980 2930 Christi,
1009 2852 1079 2915 in
1102 2868 1233 2934 qua
1260 2850 1561 2916 Dominus
1580 2868 1729 2915 cum
1755 2850 2122 2917 hominibus
2148 2853 2271 2918 ruit

729 2959 1157 3043 corporaliter,
1202 2964 1266 3023 et
1299 2959 1420 3022 erit
1459 2957 1790 3024 nobiscum
1831 2958 2262 3041 spiritualiter,

728 3065 786 3131 si
811 3065 1004 3147 digne
1028 3065 1232 3148 parati
1258 3065 1591 3129 fuerimus.
1623 3064 1988 3130 innuuntur
2012 3083 2170 3147 ergo
2196 3066 2265 3131 in

730 3172 834 3237 his
860 3170 1071 3237 verbis
1095 3170 1245 3250 duo,
1274 3169 1507 3234 scilicet
1531 3168 1819 3235 hnmana
1861 3172 2262 3254 praeparatio,

731 3283 796 3344 et
821 3278 1038 3343 divina
1062 3278 1389 3343 associatio
1415 3278 1732 3361 :primum
1754 3277 1841 3342 ibi
1866 3299 1882 3341 ε
1920 3277 2078 3344 Cras
2102 3295 2268 3363 eare-

728 3386 1005 3455 diemini
1015 3405 1043 3469 ;
1067 3385 1417 3451 secundum
1434 3385 1524 3449 ibi
1546 3407 1561 3449 z
1585 3385 1671 3453 Et
1695 3386 2003 3453 Dominus
2022 3388 2148 3455 erit
2168 3405 2273 3455 vo·

710 3495 995 3561 Mscwn.
1047 3492 1224 3559 Circa
1260 3493 1543 3576 primum
1587 3492 2112 3559 considerandum
2146 3499 2265 3575 est,

732 3601 904 3685 quod
956 3600 1135 3666 electi
1180 3599 1603 3681 egrediuntur
1647 3598 1728 3664 ad
1780 3599 2104 3665 miseriam
2120 3649 2143 3681 ,
2198 3601 2271 3666 in

714 3708 1162 3794 procreatione
1182 3728 1200 3787 ;
1223 3705 1646 3789 adjustitiam,
1666 3703 1735 3770 in
1753 3708 2265 3787 conversati0n03

732 3816 813 3882 ad
847 3832 1154 3899 pugnam,
1182 3812 1255 3877 in
1297 3811 1679 3890 tentatione;
1710 3812 1790 3877 ad
1830 3812 2108 3893 gloriam
2129 3860 2148 3890 ,
2199 3813 2268 3878 in

728 3923 1121 3989 evolatione.-

811 4029 900 4095 De
922 4029 1132 4113 primo
1152 4029 1177 4065 ⁹
1209 4050 1226 4093 ε
1266 4027 1466 4106 Quasi
1488 4026 1609 4109 llos
1627 4075 1644 4105 ,
1674 4025 1997 4110 eyreditur
2024 4034 2087 4096 et
2118 4044 2270 4097 con·

733 4138 992 4217 teritur,
1037 4140 1157 4232 etc.
1203 4133 1347 4200 Flos
1371 4138 1468 4199 est
1491 4133 1688 4198 homo
1713 4134 1785 4198 in
1810 4136 2053 4201 mundo
2073 4183 2092 4215 ‚
2117 4140 2269 4201 ster-

733 4245 943 4310 cusin
969 4242 1326 4327 sepulchro.
1358 4241 1690 4306 Psalmista
1713 4243 1760 4282 ¹⁰
1780 4263 1796 4306 ι
1814 4242 1998 4310 Facti
2019 4250 2176 4313 sunt
2193 4251 2270 4313 ut

731 4357 972 4419 stercus
1016 4354 1218 4428 terroe,
1264 4351 1383 4414 etc.
1426 4347 1599 4413 Licet
1640 4349 2019 4432 quandoque
2052 4351 2171 4415 flos
2199 4352 2269 4415 in

734 4456 1062 4524 cacumine
1085 4454 1352 4534 arboris,
1382 4458 1594 4520 tamen
1618 4453 1690 4518 in
1714 4457 1987 4521 stercore
2012 4458 2267 4523 tandem

733 4565 921 4643 cadit,
949 4562 1041 4628 sie
1079 4565 1177 4626 est
1217 4561 1296 4626 (16
1331 4559 1784 4625 excellentibus
1807 4562 1877 4626 in
1904 4564 2146 4629 mundo
2173 4565 2211 4602 ¹¹
2247 4588 2263 4631 :

738 4671 812 4738 Si
836 4668 1192 4739 ascertderit
1216 4683 1413 4750 usque
1440 4669 1515 4733 in
1538 4666 1760 4734 coelum
1785 4670 2081 4752 superbia
2106 4673 2267 4753 eius,

734 4785 798 4846 et
819 4781 1012 4862 caput
1035 4775 1170 4860 ejus
1193 4775 1388 4840 nubes
1433 4773 1734 4856 tetiam-it,
1778 4778 1970 4858 quasi
1996 4781 2268 4862 sterqui-

733 4884 972 4952 linium
1008 4885 1086 4950 in
1111 4882 1240 4964 tine
1261 4879 1584 4964 perdetur.
1630 4879 1763 4945 Hoc
1786 4885 1881 4946 est
1914 4884 2087 4966 quod
2112 4885 2266 4950 dici-

736 4996 845 5058 tur
860 4994 904 5029 ²¹
935 5010 955 5059 ε
988 4993 1205 5059 Omnis
1223 5004 1371 5057 caro
1398 4990 1660 5070 foenum,
1687 4991 1751 5054 et
1775 4995 2005 5055 caetera
2025 5010 2263 5075 usque:

798 5151 814 5184 ¹
853 5149 1029 5212 End„
1060 5159 1180 5212 xix,
1208 5149 1285 5199 18.
1310 5172 1370 5185 -
1402 5147 1420 5177 ²
1448 5145 1585 5208 Tob.,
1616 5159 1689 5211 νι,
1722 5150 1771 5197 8.
1797 5174 1850 5183 -
1887 5146 1910 5182 ⁸
1936 5148 2119 5205 Eaeod„
2153 5162 2264 5215 xix,

740 5226 815 5272 16.
842 5249 904 5261 —
941 5221 964 5257 δ
994 5222 1034 5270 ΙΙ
1074 5220 1208 5284 neq„
1246 5230 1386 5282 xxu,
1432 5222 1509 5269 ¹2.
1546 5244 1610 5255 —
1644 5218 1666 5254 ⁸
1700 5218 1886 5280 Eroti..
1921 5232 2046 5284 xxx,
2091 5224 2168 5273 18.
2202 5249 2264 5261 -

735 5294 757 5323 ⁸
795 5291 967 5353 Levit„
1004 5302 1086 5355 vl,
1116 5294 1192 5343 12.
1218 5317 1282 5329 —
1312 5291 1330 5322 ⁷
1367 5292 1518 5355 Aug„
1561 5290 1726 5354 Confi,
1768 5289 1856 5341 lib.
1888 5292 1962 5353 X,
1998 5307 2045 5343 c.
2079 5307 2164 5344 xx.
2202 5320 2265 5335 —

739 5366 758 5394 ⁸
781 5364 822 5414 ΙΙ
871 5362 1133 5428 Paralia.
1167 5373 1268 5425 xx,
1305 5365 1383 5413 17.
1420 5387 1485 5400 -
1520 5363 1540 5392 ⁹
1571 5360 1691 5426 Iob,
1724 5373 1839 5424 m,
1874 5365 1925 5412 2.
1951 5388 2011 5401 —
2045 5365 2089 5401 ¹⁰
2124 5366 2262 5415 Psal.

734 5445 949 5501 μυιι,
988 5438 1064 5502 11,
1098 5462 1161 5490 -.-
1189 5435 1228 5470 ¹¹
1265 5432 1384 5512 lob,
1417 5445 1515 5507 xx,
1543 5434 1677 5484 7.-
1715 5434 1757 5468 ¹²
1788 5432 1908 5504 lea„
1933 5445 2033 5500 ιι,
2069 5439 2174 5490 6-8.
2201 5462 2263 5475 -

2376 584 2461 651 Et
2496 584 2731 653 cecidit
2767 586 2908 668 fios.
2953 587 3128 654 Cadit
3170 606 3332 670 ergo
3365 589 3484 654 flos
3520 588 3735 672 gloriae
3767 609 3878 657 cat-

2374 691 2476 756 nis
2504 693 2584 774 (b)
2605 693 2675 758 in
2703 699 2928 777 morte,
2959 700 3021 762 et
3047 697 3121 762 flt
3146 700 3390 762 stercus
3415 696 3486 761 in
3510 697 3876 779 putrefactio-

2375 815 2563 879 nem;
2593 801 2703 866 sed
2737 801 2816 867 (16
2854 806 3126 869 stercore
3165 803 3400 869 iterum
3427 803 3546 868 flos
3588 803 3658 868 in
3687 822 3878 870 resur·-

2370 907 2670 973 rectione.
2719 909 3050 975 psalmista
3080 912 3124 948 ¹⁸
3153 931 3169 973 ε
3194 911 3512 991 Belloruit
3548 926 3695 978 caro
3737 929 3876 981 mea.

2372 1013 2495 1080 Sed
2542 1015 2665 1081 hoc
2705 1017 2779 1080 flt
2823 1035 2936 1100 per
2976 1018 3202 1084 florem
3239 1022 3456 1084 ortum
3496 1017 3576 1083 de
3619 1017 3882 1100 Virgine,

2370 1121 2450 1187 de
2466 1140 2595 1207 quo
2627 1130 2672 1166 ²⁸
2696 1141 2715 1189 ε
2743 1125 3119 1208 Earedietur
3143 1128 3333 1210 virqa
3357 1125 3435 1193 de
3464 1124 3685 1194 radice
3711 1128 3882 1208 Jesse,

2368 1236 2429 1297 et
2473 1231 2594 1312 flos
2637 1231 2717 1299 de
2760 1231 2980 1300 radice
3035 1232 3171 1317 ejus
3227 1232 3555 1314 ascendet,
3607 1238 3724 1300 etc.
3763 1233 3887 1299 Pri-

2372 1356 2519 1404 mus
2543 1356 2702 1421 ergo
2724 1340 2844 1405 flos
2868 1343 2965 1406 est
2991 1340 3215 1422 gloriae
3236 1342 3536 1423 carnalis;
3567 1344 3885 1422 secundus,

2370 1445 2747 1512 immortalis
2773 1464 2791 1513 ε
2821 1448 3045 1513 tertius
3071 1453 3165 1514 est
3189 1450 3417 1531 gloriae
3444 1450 3795 1533 virginalis.

2450 1553 2537 1619 De
2575 1556 2854 1621 secundo
2881 1557 2929 1597 ¹·
2960 1577 2976 1621 ε
3011 1558 3366 1625 Mementote
3406 1556 3543 1625 diei
3580 1558 3792 1638 huius,
3826 1560 3892 1626 in

2370 1664 3356 1749 quaemessiestisdeAEmto,
3387 1664 3892 1734 dedonwservi-

2369 1771 2548 1837 tutis.
2575 1770 2811 1837 Domus
2834 1773 3160 1840 servitutis
3186 1772 3561 1854 Pharaonis,
3583 1774 3649 1839 id
3666 1780 3759 1840 est
3769 1775 3892 1840 dia-

2368 1877 2522 1958 boli,
2551 1884 2647 1945 est
2675 1882 2958 1946 mundus
2972 1929 2996 1962 ,
3022 1882 3094 1947 in
3120 1899 3250 1966 quo
3285 1887 3641 1966 peccatores
3681 1883 3893 1967 triplici

2371 1987 2676 2053 servitute
2725 1987 3206 2071 opprimuntur,
3261 1988 3496 2054 scilicet
3544 1989 3666 2055 luti
3715 1989 3892 2056 luxu-

2371 2091 2510 2172 riae,
2539 2092 2754 2159 lateris
2776 2093 3082 2172 avaritiae,
3113 2093 3312 2177 palcae
3334 2095 3671 2178 superbiae.
3705 2094 3892 2179 Egre-

2371 2200 2673 2266 diendum
2699 2219 2859 2283 ergo
2883 2205 2979 2267 est
3001 2202 3082 2267 de
3107 2201 3228 2266 hac
3253 2202 3444 2267 domo
3468 2220 3584 2287 per
3606 2204 3896 2287 poeniten·

2372 2309 2531 2374 tiam
2569 2310 2628 2375 ei
2667 2309 2780 2393 qui
2815 2309 2887 2375 in
2930 2309 3191 2374 luxuria
3231 2314 3329 2375 est
3371 2312 3614 2392 carnis,
3644 2313 3895 2378 avaritia

2371 2416 2618 2494 mundi,
2639 2416 2937 2501 superbia
2958 2416 3214 2483 diaboli.
3238 2416 3384 2483 Ideo
3408 2419 3570 2484 bene
3585 2420 3892 2486 dicitur¹⁸2

2370 2518 2686 2603 Emedere
2736 2519 2816 2587 de
2865 2526 3066 2599 terra,
3111 2526 3174 2589 et
3221 2520 3299 2588 de
3344 2524 3720 2605 coqnatione
3769 2530 3892 2592 tua.

2370 2626 2528 2692 Caro
2558 2631 2662 2691 est
2695 2626 2993 2708 cognatio
3031 2630 3095 2691 et
3129 2628 3283 2692 vitia
3307 2629 3585 2695 carnalia
3610 2652 3629 2710 ;
3655 2631 3891 2709 domus,

2371 2734 2653 2799 mundus
2673 2755 2690 2812 3
2722 2738 2901 2817 pater
2926 2733 3238 2800 diabolus.
3262 2734 3595 2802 Psalmista
3621 2739 3667 2780 ¹⁷
3697 2759 3714 2803 ε
3747 2737 3895 2806 Obli-

2369 2841 2604 2909 viscere
2621 2844 2929 2924 populum
2953 2849 3159 2923 tuum,
3194 2849 3255 2911 et
3281 2843 3540 2912 domum
3551 2848 3767 2929 patris
3783 2848 3892 2914 tui.

2370 2947 2598 3013 Contra
2637 2948 2803 3013 hanc
2839 2948 3151 3032 triplicem
3198 2952 3576 3018 servitutem
3601 2953 3895 3020 Dominus

2370 3058 2587 3121 noster
2626 3054 2906 3120 Christus
2932 3056 3011 3121 (16
3037 3055 3302 3140 Virgine
3341 3060 3661 3141 nascitur,
3692 3064 3897 3126 contra

2370 3161 2727 3243 luxuriam;
2758 3162 2986 3246 pannis
3022 3164 3373 3231 involvitur
3390 3215 3413 3247 ,
3446 3172 3671 3234 contra
3694 3170 3896 3236 avari-

2368 3269 2561 3350 tiam3
2589 3271 2658 3335 in
2674 3272 2920 3337 stabulo
2946 3273 3226 3355 ponitur,
3261 3279 3483 3341 contra
3519 3278 3892 3362 superbiam.

2373 3374 2452 3441 Ut
2479 3376 2675 3442 homo
2708 3379 3078 3459 egrediatur
3098 3381 3472 3449 servitutem
3501 3384 3760 3465 diaboli,
3790 3405 3897 3451 ve·

2369 3480 2468 3545 nit
2509 3481 2791 3549 Christus
2842 3484 2911 3550 in
2965 3487 3338 3554 servitutem
3401 3489 3709 3557 hominis.
3757 3490 3897 3557 Ber·

2371 3590 2611 3655 nardus
2635 3591 2721 3656 ¹⁸:
2763 3613 2794 3653 ι
2827 3591 3190 3674 Singularis
3211 3595 3322 3660 illa
3349 3600 3652 3681 majestas
3673 3599 3897 3665 servire

2368 3696 2596 3776 voluit,
2626 3700 2700 3763 ut
2724 3716 2842 3764 nos
2864 3695 3304 3781 regnaremus.
3328 3725 3360 3764 ι)

2449 3802 2537 3867 De
2573 3805 2757 3870 tertio
2800 3805 3033 3873 dicitur
3070 3808 3177 3873 hic
3219 3831 3235 3873 ε
3286 3809 3443 3878 Cras
3489 3812 3902 3895 earediemini

2369 3917 2591 3978 contra
2631 3927 2754 3993 eos,
2788 3913 3022 3980 scilicet
3061 3915 3228 3981 filios
3253 3915 3437 3982 Moab
3480 3922 3544 3984 et
3568 3919 3782 3986 Amen
3803 3922 3896 4004 (c),

2369 4023 2435 4083 et
2454 4024 2737 4085 montem
2762 4019 2928 4086 Scir.
2959 4022 3144 4088 Moab
3171 4023 3627 4106 interpretatur
3653 4029 3768 4094 Ea·
3786 4044 3898 4110 pa-

2370 4133 2490 4205 tre,
2517 4131 2582 4191 et
2605 4127 2922 4210 significat
2945 4128 3272 4195 diabolum
3292 4178 3314 4209 ,
3355 4132 3467 4213 qui
3493 4137 3590 4197 est
3625 4151 3710 4198 ex
3737 4139 3901 4218 patre

2368 4234 2677 4301 Lucifero.
2709 4234 2954 4300 Lucifer
2982 4237 3154 4301 enim
3178 4241 3360 4321 pater
3385 4243 3480 4304 est
3515 4239 3898 4308 daemonnm.

2370 4342 2699 4408 Daemones
2737 4345 2951 4408 autem
2985 4347 3139 4408 sunt
3179 4349 3392 4426 patres
3448 4364 3711 4428 eornm,
3749 4369 3902 4431 quos

2370 4450 2692 4533 decipiunt
2722 4473 2738 4515 z
2771 4455 2981 4533 patres
3007 4451 3147 4516 dico
3171 4467 3301 4516 non
3329 4456 3765 4538 generatione,
3803 4458 3901 4523 sed

2370 4557 2720 4622 imitatione
2765 4558 2847 4621 ¹⁹:
2902 4557 3027 4624 Vos
3074 4573 3159 4624 ea·
3202 4563 3385 4642 patre
3428 4559 3685 4631 diabolo
3732 4566 3898 4633 estis.

2370 4663 2618 4729 Lucifer
2660 4681 2822 4746 ergo
2855 4668 2952 4729 est
3002 4682 3163 4730 avus
3198 4666 3538 4732 hominum
3582 4687 3903 4753 perverso-

2370 4788 2541 4835 rum.
2571 4771 2778 4835 Amon
2796 4772 2874 4854 (c)
2896 4769 3077 4852 filius
3110 4775 3363 4855 pencris
3388 4778 3598 4842 nostri
3610 4777 3904 4861 interpre-

2369 4882 2559 4958 tatur,
2581 4877 2974 4959 etsigniflcat
2987 4895 3266 4958 carnem,
3288 4898 3435 4963 quae
3462 4882 3543 4948 (16
3555 4889 3777 4950 nostro
3791 4902 3900 4966 ge·

2368 5003 2543 5064 nere,
2569 4985 2649 5050 (16
2673 4986 2907 5050 nostris
2931 4986 3302 5069 parentibus
3329 4993 3424 5054 oet
3450 4988 3534 5055 ⁸⁰:
3569 4990 3726 5058 Sum
3762 4992 3902 5075 qui·

2371 5149 2412 5184 ¹⁸
2436 5148 2574 5198 Psal.
2602 5159 2768 5211 xxvn,
2795 5151 2844 5199 7.
2868 5173 2928 5186 -
2959 5150 2995 5183 ¹¹
3018 5150 3139 5210 Ita„
3167 5162 3244 5213 xi,
3276 5155 3320 5200 ι.
3347 5178 3398 5187 -
3429 5153 3473 5189 ¹⁸
3500 5152 3686 5214 Emd„
3709 5163 3826 5217 xm,
3854 5154 3901 5203 3.

2365 5248 2429 5260 —
2456 5222 2498 5257 ¹⁸
2527 5222 2673 5285 Gen„
2701 5233 2796 5279 ιιι.
2829 5228 2873 5272 ¹.
2903 5248 2958 5259 —
2989 5223 3031 5258 ¹⁸¹
3060 5222 3197 5275 Psal.
3219 5235 3358 5287 nav,
3392 5230 3467 5276 ιι.
3493 5251 3556 5264 ·-
3581 5227 3624 5262 ²⁸
3653 5228 3830 5291 Rern„
3855 5227 3905 5277 in

2368 5293 2565 5343 Asc-ens.
2595 5293 2762 5354 Dum„
2789 5306 2946 5343 serm.
2974 5304 3056 5356 ιιι,
3086 5306 3141 5343 n.
3166 5296 3217 5345 2.
3244 5320 3307 5332 —
3335 5295 3372 5326 ¹³
3393 5297 3559 5355 loun..
3591 5309 3716 5360 vm,
3740 5299 3818 5348 44.
3850 5322 3901 5332 -

2365 5365 2456 5488 gu
2442 5364 2585 5488 {13¹3
2611 5376 2721 5501 v11,(
2724 5370 2780 5486 :s
2797 5364 2958 5500 ἧιξι)
2973 5364 3154 5490 Xmmgo
3156 5366 3416 5489 Ᾱῑηηαόαί.
3441 5392 3504 5408 --
3528 5368 3595 5432 (ὁ)
3633 5370 3787 5421 Forte
3808 5368 3900 5438 leq.

2591 5476 2602 5488 .
2626 5462 2683 5475 —
2751 5469 2768 5502 Ι
2927 5471 2940 5487 ·
3198 5471 3214 5487 ·
