4059 6317
676 509 797 574 204

677 643 877 709 sancti
900 644 970 709 in
991 641 1474 727 justificatione,
1503 642 1718 709 oleum
1742 642 1815 707 in
1841 640 2213 719 devotione,

679 750 852 835 ignis
877 749 947 815 in
970 750 1304 817 dilectione
1322 798 1344 830 ‚
1374 750 1597 816 melin
1617 750 1944 815 truitione.

718 883 727 890 ·
754 858 845 924 De
867 859 1079 942 primo
1112 857 1405 924 Psalmus
1424 858 1445 895 ¹
1473 879 1490 923 z
1530 880 1563 919 c
1588 855 1909 924 Percussit
1932 859 2214 939 petram,

675 971 741 1034 et
782 967 1116 1032 fluxerunt
1157 983 1368 1050 aquae.
1401 987 1434 1026 ι
1469 965 1678 1049 Aquae
1713 965 1940 1047 utique
1985 964 2218 1045 gratiae

676 1073 949 1158 Spiritus
997 1073 1198 1138 sancti
1222 1074 1293 1136 ¹:
1336 1071 1508 1150 «Qui
1542 1071 1744 1138 credit
1775 1071 1847 1135 in
1875 1089 1977 1135 me
2022 1072 2222 1152 (sieut

676 1183 827 1250 dicit
842 1182 1223 1266 Scriptura),
1242 1180 1514 1246 flumina
1523 1179 1603 1246 de
1624 1183 1844 1245 ventre
1864 1182 2006 1263 eius
2016 1179 2221 1245 fluent

677 1308 868 1376 aquae
887 1291 1084 1358 vivae.
1107 1289 1241 1355 Hoc
1264 1291 1483 1354 autem
1502 1287 1668 1354 dixit
1682 1289 1762 1354 de
1777 1288 2024 1372 Spiritu
2039 1305 2219 1353 sanc·

676 1403 748 1465 to
756 1447 779 1480 ,
811 1420 844 1460 n
865 1402 987 1465 etc.
1019 1398 1207 1482 Aqua
1232 1397 1355 1462 ista
1379 1395 1579 1462 abluit
1603 1395 1976 1479 incipientes
2004 1414 2046 1460 a
2071 1413 2219 1479 pec-

679 1508 856 1574 caus.
904 1507 1081 1573 Unde
1118 1507 1198 1572 de
1236 1504 1611 1589 Magdalena
1639 1503 1991 1586 Gregorius
2028 1504 2120 1568 ait
2144 1509 2168 1546 ⁸
2198 1521 2218 1568 ε

687 1638 720 1680 ι
744 1616 906 1696 Quia
930 1615 1339 1700 turpitudinis
1362 1632 1500 1680 suae
1522 1611 1804 1677 1116611166
1827 1612 2099 1695 aspexit,
2126 1611 2223 1677 la-

680 1726 891 1792 vanda
931 1725 1013 1791 ad
1052 1724 1293 1790 fontem
1338 1721 1802 1788 ‘misericordiae
1846 1721 2150 1786 cucurrit.
2186 1742 2219 1782 ι

679 1834 892 1917 Huius
916 1833 1090 1898 enim
1117 1832 1313 1898 fontis
1339 1850 1508 1916 aqua
1527 1849 1643 1915 per
1666 1831 2047 1897 intrinsecus
2071 1830 2224 1915 bap-

679 1941 950 2007 tismum
975 1940 1337 2006 mundatur
1380 1941 1577 2006 homo
1603 1939 1674 2004 in
1713 1938 1931 2004 anima
1952 1938 1974 1973 ⁴
2006 1960 2022 2003 ε
2059 1960 2089 2000 c
2110 1938 2218 2003 Er-

685 2049 953 2114 fundam
990 2055 1184 2132 s'uper
1222 2066 1341 2115 vos
1373 2065 1606 2131 aquam
1648 2046 1960 2113 mundam
1979 2095 2002 2126 ,
2033 2069 2064 2107 n
2099 2049 2217 2111 etc.

687 2154 832 2222 Noli
855 2174 1016 2238 ergo
1037 2157 1106 2220 in
1127 2158 1371 2221 stercus
1390 2154 1602 2220 carnis
1616 2155 1926 2238 projicere
1938 2154 2223 2219 animam

686 2273 865 2329 tuam
889 2263 1165 2346 pretiosa
1203 2281 1374 2346 aqua
1414 2261 1791 2327 mundatam
1809 2307 1828 2340 ‚
1877 2263 1995 2325 etc.
2047 2258 2225 2326 Sicut

685 2373 904 2436 autem
946 2370 1017 2433 in
1061 2370 1309 2436 deserto
1348 2373 1529 2454 petra
1564 2369 1666 2433 bis
1700 2369 1890 2452 virga
1928 2383 2225 2451 percussa

685 2495 923 2562 aquam
952 2478 1121 2543 dedit
1145 2478 1189 2556 ⁸,
1220 2477 1313 2543 sic
1344 2481 1523 2560 petra
1565 2481 1783 2542 nostra
1806 2476 2066 2558 dimota,
2097 2476 2219 2539 sci-

684 2586 831 2651 licet
856 2586 1050 2667 virga
1078 2585 1285 2650 crucis
1307 2634 1326 2667 ,
1356 2603 1505 2668 quae
1532 2584 1634 2649 bis
1660 2583 2037 2667 percutitur,
2068 2584 2225 2647 dum

683 2694 864 2776 ligno
887 2694 1096 2760 crucis
1121 2694 1414 2776 affigitur
1437 2694 1521 2777 (a)
1536 2740 1558 2773 ,
1588 2696 1663 2757 ut
1687 2691 2073 2758 sufficienter
2099 2708 2226 2756 no-

684 2802 783 2866 bis
800 2819 987 2884 aquae
1015 2801 1290 2885 Spiritus
1308 2806 1567 2867 sanctus
1586 2800 1873 2866 afflueret
1898 2821 1915 2863 ε
1943 2800 2013 2863 111
2040 2801 2227 2882 cujus
2268 2873 2277 2884 .

686 2910 906 2990 figura
930 2923 1099 2992 aqua
1123 2909 1202 2974 de
1230 2908 1461 2975 Christi
1486 2908 1684 2973 latere
1709 2907 1910 2972 exivit
1929 2906 1972 2971 ⁶.

768 3016 856 3080 De
880 3016 1193 3082 seeundo*
1220 3036 1237 3080 ε
1264 3038 1297 3077 α
1314 3014 1500 3082 Petra
1526 3014 1833 3080 fundebat
1860 3014 2023 3078 mihi
2050 3015 2228 3080 rivos

690 3125 813 3191 olei
843 3146 861 3189 ι
891 3144 923 3184 n
950 3123 1074 3189 hoc
1098 3126 1194 3188 est
1208 3123 1424 3188 oleum
1452 3122 1724 3206 Spiritus
1746 3123 1948 3187 sancti
1962 3170 1981 3203 ,
2011 3120 2227 3187 oleum

694 3232 922 3316 gratiae
944 3279 963 3313 ,
997 3248 1126 3314 quo
1162 3229 1231 3294 in
1274 3229 1612 3295 devotione
1649 3233 1994 3311 unguntur
2029 3229 2224 3312 profi-

691 3340 997 3406 cientium
1044 3338 1300 3403 animae.
1375 3336 1667 3402 Psalmus
1718 3338 1741 3375 ⁸
1778 3355 1796 3401 ε
1842 3359 1875 3399 ι
1917 3336 2116 3403 Unxit
2165 3344 2230 3404 te

692 3447 892 3528 Deus,
913 3469 946 3508 n
968 3449 1087 3511 etc.
1120 3445 1264 3511 Rivi
1289 3445 1489 3528 hujus
1513 3443 1645 3514 olei.
1662 3448 1815 3511 sunt
1840 3444 1956 3525 illi,
1986 3446 2067 3511 de
2091 3446 2230 3530 qui-

691 3556 814 3620 bus
848 3555 872 3589 ⁹
901 3574 917 3618 ε
962 3576 994 3614 α
1021 3552 1374 3620 Divisiones
1417 3551 1776 3633 gratiarum
1825 3557 1976 3618 sunt
1992 3601 2009 3632 ‚
2039 3575 2071 3614 n
2106 3559 2225 3618 etc.

693 3661 856 3727 Nota
876 3659 1048 3745 quo'd
1070 3678 1155 3726 ex
1178 3677 1308 3742 quo
1336 3658 1550 3724 mollia
1576 3659 1822 3724 semina
1839 3660 1919 3724 ad
1947 3661 2231 3726 dandum

694 3769 910 3835 oleum
948 3773 1082 3832 tam
1125 3767 1370 3831 fortiter
1412 3766 1944 3850 comprimuntur,
1986 3751 2232 3851 quanto

695 3876 909 3959 magis
922 3880 1098 3958 petra
1115 3892 1272 3956 ergo
1289 3876 1506 3938 nostra
1519 3873 1856 3939 fortissime
1873 3893 2234 3959 compressa

695 3986 884 4051 estin
909 4002 1132 4063 cruce,
1168 3985 1244 4046 ut
1276 4000 1362 4046 ex
1404 3999 1480 4046 eo
1514 3980 1866 4064 liqueretur
1905 3982 2123 4048 oleum
2164 3984 2233 4048 in

696 4096 982 4158 nostram
1027 4089 1354 4155 mentem?
1404 4087 1539 4154 Hoc
1589 4089 1806 4154 oleum
1849 4107 1980 4155 non
2021 4090 2235 4157 solum

698 4202 910 4267 erucis
925 4201 1243 4264 tormento
1263 4196 1669 4280 exprimitur,
1691 4196 1802 4262 sed
1814 4198 2007 4262 etiam
2026 4199 2236 4289 crucis

696 4308 1006 4376 beneflcio
1056 4308 1492 4370 conservatur.
1541 4303 1720 4368 Unde
1764 4304 2016 4370 mulieri
2058 4305 2234 4371 colli-

699 4417 876 4500 genti
893 4416 1022 4480 duo
1046 4413 1228 4495 ligna
1243 4412 1393 4476 dicit
1411 4410 1578 4476 Elias
1595 4412 1648 4452 ¹⁰
1669 4434 1732 4475 :a
1749 4412 1989 4495 Hydria
2012 4413 2238 4480 farinae

700 4539 834 4588 non
877 4522 1161 4599 deficiet,
1211 4523 1274 4584 et
1314 4518 1608 4602 lecythus
1652 4519 1777 4584 olei
1814 4537 1944 4584 non
1982 4522 2241 4587 minue-

703 4634 831 4711 tur,
860 4651 893 4690 1>
915 4632 1036 4694 etc.
1068 4626 1296 4693 Mulier
1321 4625 1662 4692 Ecclesiam
1685 4674 1703 4707 ,
1733 4626 1862 4693 duo
1882 4627 2065 4710 ligna
2090 4649 2237 4696 cru-

704 4756 843 4804 cem
889 4737 1155 4815 Christi,
1201 4735 1410 4798 farina
1459 4733 1919 4799 Eucharistiam
1941 4784 1959 4816 ‚
2023 4737 2240 4802 oleum

706 4846 983 4928 gratiam
1007 4843 1355 4926 significat.
1399 4842 1690 4907 Ecclesiae
1728 4861 1887 4926 ergo
1914 4844 2239 4928 colligenti

704 4954 896 5018 fldem
924 4955 987 5017 et
1012 4950 1415 5017 devotionem
1428 4997 1450 5028 ,
1480 4947 1660 5032 ligna
1682 4998 1700 5029 ,
1737 4952 1941 5016 crucis
1965 4952 2237 5034 Christi,

706 5078 827 5126 nec
868 5075 1100 5143 corpus
1148 5057 1444 5133 Domini,
1507 5074 1715 5140 neque
1757 5058 1969 5124 oleum
2013 5061 2242 5142 gratiae·

708 5166 986 5250 Spiritus
1012 5163 1213 5229 sancti
1237 5180 1529 5246 unquam
1556 5163 1820 5230 deficiet.

726 5343 732 5349 ,
773 5293 791 5326 ¹
815 5290 948 5342 Psal.
974 5300 1170 5353 Lxxvn,
1195 5292 1273 5339 20.
1296 5313 1359 5325 —
1380 5287 1403 5321 ⁸
1424 5287 1588 5351 Joan„
1619 5299 1709 5353 vu,
1735 5293 1904 5344 ,ὃὸ-39.
1936 5319 1992 5330 -
2022 5292 2045 5328 ⁸
2068 5294 2242 5357 Greg„

712 5363 764 5413 in
792 5363 1006 5426 Evanq„
1036 5362 1180 5412 hom.
1210 5371 1396 5423 xxxm,
1423 5373 1478 5411 n.
1508 5363 1555 5411 1.
1583 5386 1645 5399 —
1672 5361 1922 5425 ⁸ Ezech„
1949 5377 2131 5429 xxxw,
2160 5368 2241 5415 25.

709 5460 772 5472 —
797 5434 816 5464 ⁸
843 5433 1016 5495 Num„
1046 5445 1135 5496 xx,
1165 5436 1241 5484 11.
1268 5458 1323 5469 -
1354 5432 1375 5462 ⁶
1399 5431 1563 5490 Joan„
1592 5444 1700 5493 xlx,
1728 5435 1805 5484 34.
1832 5461 1895 5472 —
1922 5436 1940 5466 ⁷
1961 5434 2076 5498 Iob,
2098 5448 2243 5500 xxlx,

712 5509 760 5556 6.
786 5530 849 5542 —
873 5504 897 5541 ⁸
924 5504 1056 5555 Psal.
1087 5516 1225 5569 xuv,
1255 5507 1301 5556 8.
1322 5530 1385 5543 —
1412 5505 1431 5534 ’δ
1459 5503 1632 5567 neon,
1657 5517 1754 5567 x11,
1785 5508 1831 5556 4.
1853 5532 1913 5543 —
1940 5508 2241 5572 19111369.,

1652 531 1660 542 ·
1765 501 2187 572 ssnuouns
2225 501 2330 570 116
2369 502 2765 590 wuronc.

2407 639 2497 704 De
2534 640 2723 708 tertio
2759 642 2991 709 dicitur
3034 644 3188 709 hic:
3227 645 3538 714 Ascendit
3565 648 3748 731 ems
3791 645 3872 714 de

2319 753 2549 831 pem:
2580 748 2687 814 hic
2712 753 2806 815 est
2830 751 3010 833 ignis
3033 750 3310 836 Spiritus
3335 754 3568 834 sancti,
3599 755 3720 839 qui
3745 755 3874 823 hoc

2324 856 2426 921 die
2449 874 2645 941 super
2681 857 2998 941 apostolos
3024 861 3293 926 venitin
3333 861 3582 944 linguis
3621 862 3865 944 igneis,

2325 963 2491 1029 sicut
2512 963 2752 1047 legitur
2769 966 2835 1028 ¹².
2852 965 2969 1031 Hic
2993 967 3170 1049 ignis
3193 967 3272 1055 de
3289 972 3468 1052 petra
3489 969 3739 1035 Christo
3765 970 3872 1036 da-

2323 1074 2432 1137 tur
2448 1072 2844 1154 hominihus,
2859 1075 3261 1157 qmndonon
3271 1076 3482 1141 solum
3493 1077 3874 1160 incipientes

2325 1198 2444 1264 per
2466 1199 2702 1266 aquam
2742 1181 3020 1266 Spiritus
3061 1183 3361 1250 lavantur
3403 1203 3443 1250 a
3482 1185 3872 1267 contagione

2325 1292 2752 1374 peccatorum,
2779 1309 2910 1357 non
2935 1291 3146 1358 solum
3177 1292 3577 1376 proficientes
3601 1311 3872 1376 ungun-

2329 1400 2436 1461 tur
2461 1396 2604 1462 oleo
2620 1395 2898 1481 Spiritus
2915 1399 3118 1464 sancti
3142 1400 3213 1464 in
3231 1400 3568 1467 devotione
3594 1418 3872 1483 operum

2326 1504 2582 1586 piorum
2602 1553 2621 1586 ,
2680 1505 2791 1571 sed
2840 1509 2905 1570 et
2957 1507 3226 1598 perfecti·
3257 1507 3749 1572 inflammantur
3804 1509 3876 1572 in

2327 1628 2547 1676 amore
2572 1615 2962 1677 aeternorum
2996 1634 3012 1678 ε
3049 1612 3243 1695 longe
3282 1616 3379 1676 est
3409 1613 3492 1677 ab
3525 1614 3649 1679 isto
3673 1614 3872 1695 igne,

2327 1718 2441 1802 qui
2467 1717 2679 1784 adhuc
2696 1717 2899 1784 durus
2923 1722 3019 1784 est
3043 1718 3114 1783 in
3133 1719 3344 1783 corde.
3367 1720 3774 1803 Augustinus
3791 1722 3872 1787 ¹¹:

2339 1850 2371 1890 α
2394 1826 2565 1894 Nihil
2592 1827 2768 1893 enim
2789 1832 2925 1893 tam
2950 1829 3189 1894 durum
3213 1833 3308 1893 est
3331 1833 3525 1912 atque
3549 1830 3838 1897 ferreum
3853 1879 3874 1912 ,

2329 1935 2501 2019 quod
2524 1952 2660 2000 non
2683 1937 2920 2001 amoris
2943 1936 3105 2019 igne
3129 1936 3444 2002 vincatur.
3481 1959 3513 1998 ι
3545 1936 3714 2015 Quid
3742 1939 3876 2003 mi·-

2328 2061 2512 2123 rum,
2538 2043 2595 2107 si
2621 2042 2763 2108 haec
2786 2048 2967 2127 petra
2992 2042 3279 2109 Christus
3303 2045 3413 2110 dat
3437 2046 3682 2128 ignem,
3721 2065 3879 2113 cum

2330 2169 2500 2235 saepe
2536 2150 2830 2218 videmus
2867 2153 3035 2218 ferro
3081 2152 3189 2218 vel
3224 2152 3491 2237 chalybe
3520 2154 3750 2236 ignem
3799 2155 3879 2220 de

2329 2260 2510 2341 petra
2534 2257 2748 2323 excuti
2763 2260 2795 2321 ⁴?
2813 2256 2919 2323 Sic
2931 2257 3247 2324 nimirum
3264 2264 3444 2344 petra
3461 2265 3677 2327 nostra
3698 2261 3880 2327 Chri·

2331 2368 2470 2431 stus
2493 2365 2662 2429 ferro
2685 2364 2924 2431 lanceae
2951 2366 3020 2430 in
3045 2366 3244 2432 latere
3261 2413 3283 2446 ,
3325 2367 3497 2434 ferro
3536 2370 3878 2436 clavorum

2330 2473 2401 2537 in
2425 2472 2694 2557 pedibus
2718 2490 2794 2537 ac
2821 2472 3122 2538 manibus
3141 2491 3482 2556 percussus
3503 2481 3633 2555 est,
3661 2477 3742 2540 ut
3769 2493 3882 2540 no-

2329 2580 2430 2645 his
2452 2580 2680 2662 ignem
2706 2578 3043 2644 ministret.
3073 2577 3255 2644 Sicut
3287 2584 3504 2647 autem
3540 2581 3720 2664 ignis
3762 2602 3879 2665 ap-

2330 2687 2643 2772 positione
2667 2686 3003 2768 lignorum
3027 2691 3309 2769 augetur
3347 2692 3413 2754 et
3457 2695 3880 2755 conservatur

2332 2814 2415 2860 ne
2442 2795 2728 2874 deficiat,
2780 2795 2870 2859 sic
2909 2812 3027 2860 nos
3070 2795 3363 2860 ardorem
3392 2796 3568 2878 ignis
3600 2795 3880 2881 Spiritus

2334 2904 2535 2969 sancti
2572 2903 2772 2985 lignis
2812 2903 3015 2967 crucis
3042 2903 3271 2968 Christi
3316 2922 3432 2987 per
3474 2903 3774 2971 devotam
3817 2916 3882 2972 et

2327 3013 2560 3095 jugem
2585 3010 3090 3076 recordationem
3116 3028 3494 3077 conservare
3527 3012 3838 3080 debemus
3857 3063 3877 3095 ,

2335 3123 2396 3184 et
2432 3118 2683 3185 nutrire
2706 3118 2754 3155 ¹⁸
2785 3140 2803 3181 z
2841 3139 2875 3180 α
2900 3115 3077 3199 Ignis
3112 3118 3183 3181 in
3222 3117 3405 3183 altari
3438 3137 3584 3185 meo
3627 3139 3882 3205 semper

2335 3226 2617 3308 ardebit,
2647 3242 2844 3309 quem
2889 3225 3132 3289 nutriet
3173 3227 3497 3306 sacerdos,
3537 3229 3881 3312 subjiciens

2339 3334 2524 3417 ligna
2551 3351 2742 3398 mane
2773 3349 2890 3415 per
2926 3331 3223 3413 singulos
3247 3332 3405 3397 dies.
3435 3355 3468 3395 n
3504 3336 3722 3400 Altare
3747 3356 3875 3417 cor,

2339 3440 2635 3507 sacerdos
2660 3440 2982 3524 spiritum,
3006 3439 3192 3522 ligna
3214 3457 3474 3506 crucem
3491 3443 3876 3525 significant.

2419 3549 2512 3614 De
2532 3552 2760 3632 quarto
2784 3596 2804 3628 ,
2838 3546 3131 3612 Psalmus
3167 3547 3256 3612 ²⁸:
3298 3572 3331 3610 α
3359 3548 3447 3614 De
3472 3554 3652 3633 petra
3695 3552 3884 3617 melle

2338 3656 2650 3723 setinavit
2677 3673 2806 3734 eos,
2826 3677 2857 3715 11
2892 3655 3018 3721 1166
3040 3659 3137 3720 est
3157 3656 3288 3721 mel
3311 3656 3661 3724 dulcedinis
3684 3657 3881 3744 Spiri-

2340 3767 2449 3829 tus
2500 3765 2698 3828 sancti
2728 3812 2751 3843 ,
2808 3782 3003 3847 quem
3056 3764 3526 3830 haereditabunt
3575 3767 3759 3833 electi
3813 3769 3882 3832 in

2342 3871 2500 3937 coelo
2525 3873 2571 3910 ²⁶
2606 3893 2623 3936 τ
2663 3894 2696 3932 α
2723 3870 2995 3955 Spiritus
3036 3888 3217 3936 meus
3255 3889 3451 3954 super
3482 3872 3609 3936 mel
3638 3873 3872 3956 dulcis,

2343 3982 2407 4043 et
2428 3977 2806 4057 haereditas,
2835 3997 2867 4037 n
2906 3981 3027 4042 616.
3065 3976 3238 4043 Bene
3266 3977 3418 4043 dicit
3448 4000 3466 4043 :
3512 3994 3704 4063 super
3737 3979 3878 4047 md.

2344 4085 2413 4150 Si
2442 4086 2615 4150 enim
2643 4085 2839 4150 totius
2876 4085 3084 4150 mellis
3130 4085 3300 4169 quod
3327 4086 3398 4151 in
3425 4089 3557 4151 toto
3598 4089 3839 4153 mundo
3854 4135 3876 4167 ‚

2345 4194 2492 4274 fuit,
2509 4183 2619 4259 'est
2646 4191 2890 4271 eterit,
2920 4190 3185 4257 dulcedo
3210 4193 3282 4256 in
3306 4209 3448 4272 ore,
3478 4193 3613 4259 sive
3638 4194 3707 4258 in
3730 4201 3883 4277 gut-

2346 4307 2492 4368 ture
2512 4351 2532 4383 ,
2560 4302 2631 4367 in
2660 4305 2856 4384 gustu
2884 4306 2995 4366 tuo
3021 4304 3216 4380 esset,
3246 4319 3289 4366 o
3314 4305 3552 4385 quanta
3580 4306 3772 4367 esset!
3807 4302 3883 4367 Et

2345 4416 2565 4477 tamen
2592 4427 2786 4493 super
2808 4409 2980 4474 hanc
3003 4409 3401 4476 dulcedinem
3428 4411 3882 4476 inaestimabili-

2348 4524 2448 4585 ter
2473 4524 2570 4585 est
2593 4517 2861 4585 dulcedo
2887 4521 3153 4583 aeterna.
3205 4516 3328 4582 Sed
3372 4518 3456 4583 ad
3498 4519 3705 4601 ipsam
3753 4535 3882 4583 non

2348 4628 2701 4712 poterimus
2736 4626 2961 4693 venire
2983 4673 3005 4704 ,
3039 4625 3164 4689 nisi
3188 4643 3306 4709 per
3351 4626 3609 4708 virgam
3637 4629 3876 4707 crucis,

2348 4754 2462 4818 per
2488 4751 2685 4819 quam
2715 4733 2909 4798 etiam
2927 4749 3101 4798 nunc
3121 4732 3245 4798 viri
3271 4733 3529 4816 perfecti
3549 4734 3882 4817 paululum

2351 4843 2465 4926 huj
2474 4860 2552 4908 us
2588 4840 2795 4906 mellis
2820 4837 3226 4906 dulcedinem
3250 4844 3693 4923 praegustant,
3725 4843 3885 4907 sicut

2351 4952 2787 5035 significatum
2806 4948 2979 5027 est¹⁸,
2996 4948 3111 5013 ubi
3121 4948 3363 5031 legitur
3376 4949 3548 5032 quod
3561 4948 3880 5028 sonamus,

2362 5083 2394 5121 α
2418 5059 2683 5124 1111111616
2709 5058 2936 5139 virga,
2984 5057 3271 5138 gustavit
3296 5056 3376 5121 de
3403 5056 3618 5135 melle,
3651 5062 3715 5122 et
3739 5057 3880 5122 illu·

2355 5167 2582 5233 minati
2609 5171 2761 5231 sunt
2786 5165 2954 5231 oculi
2983 5166 3147 5247 ejus,
3176 5185 3209 5224 ι

2354 5296 2483 5347 xvn,
2512 5286 2593 5335 ss.
2617 5311 2679 5322 —
2711 5285 2752 5320 ¹¹
2782 5283 2916 5345 Act„
2944 5293 3006 5341 11,
3040 5284 3089 5332 3.
3115 5308 3180 5319 -
3204 5283 3248 5318 ¹¹
3275 5285 3426 5348 Aug„
3453 5283 3516 5333 de
3539 5283 3718 5336 norit.
3750 5282 3880 5333 secl.

2351 5356 2503 5417 cuth„
2540 5370 2590 5407 c.
2617 5366 2760 5420 xxu,
2789 5368 2845 5405 11.
2878 5357 2954 5405 41.
2989 5379 3045 5413 -τ
3077 5353 3119 5389 ¹⁸
3145 5354 3320 5420 Lentu,
3349 5367 3438 5418 -vt,
3477 5358 3556 5407 ¹2.
3581 5381 3645 5393 —
3688 5357 3720 5386 ¹⁴
3747 5352 3880 5405 Paul.

2355 5439 2514 5491 mxx,
2547 5429 2625 5478 17.
2653 5454 2717 5466 —
2744 5428 2785 5463 ¹⁵
2813 5424 2991 5487 Eoeli„
3017 5437 3167 5489 xxm,
3199 5427 3279 5477 27.
3304 5453 3367 5465 —
3395 5426 3438 5464 ¹⁸
3463 5428 3482 5477 1
3511 5427 3645 5491 Rea„
3671 5435 3776 5488 nr,
3804 5426 3879 5474 27.

2418 5510 2485 5573 (a)
2517 5509 2641 5559 Coet.
2667 5499 2793 5557 ectit.
2823 5504 3077 5569 affligitur.
