4059 6317
903 428 1287 496 DOMINICA
1327 427 1462 495 xvl
1507 425 1704 494 POST
1749 425 2329 496 PENTECOS'I'EN.
2373 428 2638 497 SERMO
2682 430 2759 496 11.

234 576 346 624 eos
385 564 605 626 contra
646 563 848 628 solem
872 564 942 629 in
968 564 1297 648 patibulis,
1342 586 1373 624 n
1404 564 1639 628 scilicet
1664 563 1773 626 in-

234 667 606 734 fernalibuS.
638 669 796 736 Item
818 671 1103 755 ipsorum
1148 670 1452 736 violentia
1478 672 1497 707 ¹
1530 688 1548 734 ε
1592 693 1624 732 α
1651 669 1776 734 Leo

233 777 542 858 rugienS‚
582 785 645 846 et
691 798 883 846 ursus
924 781 1213 846 esuriens
1233 828 1254 860 ,
1308 780 1600 864 princeps
1648 780 1776 843 im-

233 884 385 967 pius
400 886 484 968 (a)
503 906 694 970 super
709 888 1018 971 populum
1034 907 1438 973 pauperem.»
1451 888 1608 954 Item
1636 906 1775 953 ma·

233 989 451 1058 lorum
477 994 871 1064 adhaerentia
894 998 918 1032 ¹
953 1019 968 1060 ε
1010 1019 1041 1060 α
1069 996 1396 1079 Principes
1427 996 1522 1061 tui
1550 996 1777 1061 infide·

234 1097 362 1177 les,
402 1101 554 1165 socii
582 1103 801 1168 furum
823 1152 844 1183 ,
896 1121 1122 1168 omnes
1163 1104 1442 1185 diligunt
1487 1122 1796 1183 munera,-

238 1213 599 1290 sequuntur
641 1209 1112 1278 retributiones,
1150 1234 1180 1272 n
1235 1211 1361 1289 Qui
1400 1215 1576 1277 tanto
1627 1229 1779 1293 gra·

239 1316 390 1382 vius
427 1317 692 1399 cadunt,
728 1324 967 1402 quanto
1000 1319 1216 1403 plures
1247 1319 1609 1384 involvunt.
1638 1317 1784 1383 Ber·

214 1425 485 1494 ,nardus
510 1431 534 1467 ⁸
567 1444 584 1490 ε
623 1448 654 1487 c
676 1424 988 1512 Principis
1012 1446 1193 1493 error
1224 1427 1461 1493 multos
1488 1426 1779 1498 involvit.

242 1535 310 1596 et
336 1536 429 1597 tot
452 1533 655 1613 obest,
686 1539 843 1618 quot
874 1534 949 1618 (b)
990 1538 1243 1620 praeest.
1272 1556 1306 1596 n
1341 1533 1500 1600 Item
1527 1532 1785 1598 familiae

243 1641 598 1707 indecentia
633 1648 658 1683 ⁸
689 1664 705 1707 ε
737 1666 769 1704 α
807 1643 1107 1727 Princeps
1133 1644 1244 1728 qui
1291 1643 1559 1708 libenter
1612 1641 1790 1708 audit

244 1748 445 1814 verba
468 1747 804 1830 mendacii,
833 1768 1057 1815 omnes
1086 1750 1412 1815 ministros
1439 1749 1634 1814 habet
1660 1750 1784 1816 im.-

246 1855 408 1938 piOS.
438 1877 470 1915 n
503 1855 734 1922 Contra
758 1875 922 1942 quos
947 1857 1037 1922 ait
1057 1857 1432 1922 Ambrosius
1458 1858 1524 1921 ἰ
1564 1880 1595 1917 c<
1623 1857 1791 1922 Laus

246 1962 520 2043 domini,
567 1964 682 2028 ubi
725 1965 966 2032 munda
1001 1965 1312 2050 possessio
1328 2012 1348 2043 ‚
1389 1969 1454 2030 et
1479 1965 1788 2030 innocens

248 2069 507 2135 familiae
534 2070 883 2153 disciplina.
921 2095 950 2129 »
991 2072 1039 2137 Ο
1071 2070 1287 2136 miseri
1320 2071 1658 2155 principes,
1689 2091 1790 2136 co-

252 2177 453 2259 gitate
479 2196 674 2262 quam
697 2178 933 2259 brevis,
964 2181 1029 2244 et
1067 2196 1262 2261 quam
1283 2178 1501 2245 nullus
1534 2180 1617 2244 sit
1643 2197 1790 2246 ves-

253 2289 352 2349 ter
391 2285 804 2369 principatus».
853 2287 1133 2354 Isidorus
1170 2287 1191 2322 ⁸
1225 2308 1240 2351 ε
1282 2309 1314 2348 α
1342 2286 1472 2366 Dic,
1503 2287 1791 2352 nbisunt

252 2410 479 2475 regeS,
511 2394 626 2462 ubi
665 2394 1012 2482 principes,
1055 2394 1173 2462 uhi
1212 2393 1650 2477 imperatores,
1680 2393 1793 2459 ubi

253 2499 593 2583 locupletes
622 2519 842 2566 rerum
859 2549 876 2580 ‚
908 2501 1021 2568 ubi
1065 2504 1353 2583 potentes
1390 2500 1608 2566 saeculi
1629 2548 1654 2580 ,
1680 2499 1794 2566 ubi

253 2612 484 2677 divites
528 2613 803 2677 mundi?
854 2612 1048 2691 Quasi
1089 2614 1323 2678 umbra
1364 2614 1790 2693 transierunt,

254 2723 319 2783 et
347 2719 518 2786 velut
548 2719 873 2786 somnium
900 2724 1323 2788 evanuerunt.
1357 2739 1391 2779 ιο

335 2825 422 2890 De
447 2830 676 2912 quarto
702 2827 725 2861 ⁷
756 2846 778 2894 ι
812 2851 844 2888 α
870 2827 1167 2912 Princeps
1190 2827 1418 2896 mundi.
1443 2827 1640 2910 hujus
1655 2828 1799 2909 jam

246 2933 574 3018 ,iudicatus
591 2938 710 2998 est.
733 2957 765 2995 n
797 2934 876 3000 Et
893 2936 1120 3004 merito
1137 2938 1356 3002 autem
1375 2935 1450 3018 (c)
1475 2936 1800 3018 judicatus

255 3044 373 3120 est,
403 3042 556 3125 quia
579 3042 1026 3127 iniquissimus
1052 3047 1172 3108 est.
1209 3041 1329 3108 Tot
1363 3048 1582 3108 autem
1605 3043 1802 3108 habe-

257 3168 405 3221 mus
449 3153 669 3216 contra
706 3169 824 3218 nos
872 3151 1226 3234 principes,
1277 3154 1435 3234 quot
1479 3151 1803 3218 daemones

258 3256 689 3323 adversantes.
730 3257 1055 3340 Principes
1083 3262 1296 3323 autem
1326 3258 1421 3321 illi
1450 3275 1565 3322 nos
1591 3271 1799 3339 expu-

263 3368 491 3447 gnant,
519 3384 636 3430 nos
662 3365 1052 3448 subjugant,
1081 3383 1202 3430 nos
1221 3365 1549 3447 jugulant.
1583 3365 1802 3447 Impu-

260 3478 467 3554 gnant
509 3472 580 3534 in
617 3471 1004 3538 tentatione⁸
1037 3494 1052 3534 z
1089 3496 1122 3534 α
1161 3470 1305 3536 Non
1344 3476 1440 3536 est
1465 3471 1652 3536 nobis
1673 3472 1804 3537 col-

261 3578 522 3644 luctatio
549 3579 857 3645 adversus
885 3596 1142 3644 carnem
1169 3583 1235 3643 et
1264 3580 1670 3660 sanguinem,
1694 3579 1806 3644 sed

265 3687 573 3753 adversus
614 3685 931 3770 principes
970 3690 1036 3752 et
1073 3689 1441 3770 potestates,
1470 3708 1501 3746 n
1536 3692 1655 3750 etc.
1688 3687 1809 3751 Ini-

266 3794 574 3878 quissima
595 3797 814 3860 autem
841 3812 962 3859 nos
988 3794 1408 3877 impugnant.
1449 3812 1582 3860 non
1605 3794 1741 3859 Iaesi
1766 3813 1810 3860 a

269 3903 474 3966 nobis.
505 3901 795 3967 Psalmus
822 3902 881 3966 ⁹:
920 3925 951 3962 α
973 3900 1295 3983 Principes
1313 3903 1628 3984 persecuti
1655 3905 1810 3970 sunt

271 4030 375 4078 me
405 4012 628 4093 gratis.
662 4033 693 4073 n
730 4011 889 4077 Item
917 4012 1277 4094 subjugant
1317 4029 1431 4095 per
1460 4012 1719 4077 vincula
1741 4012 1812 4077 in

269 4119 771 4201 transgressione
791 4167 806 4197 ,
837 4137 952 4202 per
987 4120 1232 4201 jugum
1276 4123 1341 4183 et
1376 4119 1638 4184 vincula
1664 4138 1812 4202 pec-

271 4229 583 4292 catorum.
615 4224 948 4292 psalmista
975 4227 1021 4266 ¹⁰
1051 4247 1076 4294 ι.
1099 4248 1129 4286 α
1154 4224 1482 4309 Principes
1506 4245 1815 4294 convene-

272 4335 429 4397 runt
482 4332 553 4398 in
590 4351 800 4398 unum
840 4333 1149 4398 adversus
1187 4332 1553 4413 Dominum,
1583 4355 1614 4393 n
1664 4339 1812 4416 etc„

273 4458 480 4524 usque
514 4458 531 4504 ε
587 4462 619 4502 α
654 4439 1076 4524 Projiciamus
1099 4459 1140 4504 a
1165 4441 1612 4523 nobisjugum
1639 4443 1812 4525 ipso-

274 4565 448 4613 rum.
476 4571 508 4609 n
547 4548 707 4615 Item
734 4549 1040 4631 ,iugulant
1067 4549 1137 4613 in
1164 4549 1611 4629 damnatione3
1647 4550 1817 4616 unde

276 4658 357 4723 de
374 4656 840 4724 habitatoribus
855 4657 1090 4726 interni.
1100 4658 1332 4724 dicitur
1352 4657 1393 4693 ¹¹
1418 4678 1434 4722 ι
1469 4679 1500 4719 α
1524 4656 1619 4721 Ibi
1639 4658 1816 4740 prin-

278 4766 449 4850 cipes
476 4765 796 4849 aquilonis
821 4783 1076 4846 omneS,
1120 4769 1186 4828 et
1228 4763 1515 4828 universi
1548 4768 1813 4829 venato-

278 4892 406 4955 res,
434 4875 830 4958 quideducti
843 4878 1002 4942 sunt.
1014 4891 1164 4946 cum
1181 4872 1545 4942 interfectis.
1570 4894 1601 4932 n
1622 4873 1817 4940 Prin-

279 4984 450 5065 cipes
502 4981 834 5066 aquilonis
875 4984 1034 5050 sunt
1068 4980 1413 5050 daemones.
1472 4980 1826 5050 venatores

349 5147 361 5177 ¹
390 5146 562 5211 Pron„
593 5113 804 5208 xxvm,⁸
824 5148 901 5195 ¹5.
933 5169 996 5183 --
1022 5145 1046 5179 ¹
1072 5146 1195 5207 Ita„
1225 5157 1270 5208 1,
1300 5146 1380 5197 23.
1410 5172 1467 5186 --
1496 5145 1524 5182 ἃ
1552 5147 1732 5208 Rern„
1756 5145 1830 5197 ad

282 5217 572 5340 fzillglm„
618 5215 1167 5340 epiffsignmfl-o-an*
1211 5218 1386 5339 11)πυί
1398 5229 1557 5339 ¹11:11
1569 5255 1592 5321 ⁸,
1620 5221 1732 5339 ἕὲᾗ
1762 5245 1827 5258 -

374 5303 659 5342 mros.—
846 5314 950 5336 .-
1154 5323 1191 5352 .,
1317 5324 1335 5352 ,
1429 5315 1531 5338 .-
1665 5305 1825 5355 pes„

283 5371 360 5424 vr,
390 5364 468 5413 12.
505 5386 565 5397 --
604 5362 625 5394 ⁹
665 5360 801 5412 Psal.
828 5370 1010 5421 cvau,
1047 5361 1160 5410 16¹.
1187 5385 1250 5396 —
1289 5361 1330 5394 ¹·
1356 5359 1493 5414 Psal-
1522 5372 1560 5412 ιι
1580 5394 1596 5420 ,
1626 5364 1736 5414 2-3.
1765 5386 1828 5401 ·-

283 5433 330 5470 ¹⁸
359 5432 558 5495 Erech„
593 5444 759 5497 xxm,
792 5437 870 5486 23.
906 5456 972 5471 —
1006 5431 1048 5467 ¹²
1089 5432 1233 5486 uum
1263 5430 1424 5483 habet
1455 5433 1624 5486 codex.
1665 5434 1826 5488 Assia.

3305 431 3420 496 431

1885 567 2103 630 autem
2140 564 2404 643 diaboli,
2436 569 2587 630 sunt
2624 564 2919 630 homines
2954 564 3266 648 perversi,
3313 583 3429 648 per

1885 687 2052 752 quos
2079 670 2312 735 animae
2360 672 2699 737 bominum
2745 672 2816 736 in
2854 671 3124 754 peccatis
3159 671 3425 754 capiun-

1888 780 2023 840 tur.
2055 778 2385 857 Intertecti
2426 783 2643 846 autem
2671 783 2823 844 sunt
2846 778 3152 856 damnati,
3183 798 3223 846 a
3250 778 3427 863 prin·

1890 884 2140 967 cipibus
2166 886 2584 953 infernalibus
2611 906 2727 970 per
2751 892 3072 951 tormenta
3098 886 3434 951 infernalia

1885 990 2194 1073 jugulati.

2415 1161 2705 1233 SERMO
2751 1165 2814 1233 Π
2841 1173 2911 1233 ¹².

1975 1315 2218 1393 Amice,
2241 1316 2507 1384 ascmde
2521 1319 2822 1401 superius
2838 1318 2907 1382 ¹⁸.
2924 1317 3203 1384 Infelices
3221 1323 3437 1387 autem

1895 1426 2049 1488 sunt
2069 1423 2180 1506 qui
2209 1441 2342 1489 non
2369 1425 2723 1490 ascendunt
2737 1444 2857 1507 per
2878 1424 3165 1490 divinam
3190 1427 3433 1491 invoca·

1895 1529 2137 1594 tionem
2167 1529 2280 1611 (d).
2309 1531 2848 1598 Considerandum
2892 1536 2991 1597 est
3024 1536 3241 1597 autem
3267 1536 3436 1617 quod

1896 1638 2238 1703 ascendere
2265 1639 2450 1704 debet
2475 1639 2676 1704 homo
2702 1640 2783 1703 ad
2803 1640 3133 1706 veritatem
3155 1659 3269 1722 per
3294 1659 3440 1705 con-

1899 1746 2413 1828 templationem;
2441 1747 2523 1812 ad
2566 1747 2917 1826 virtutem,
2961 1765 3076 1830 per
3109 1766 3441 1838 conversa-

1897 1852 2176 1933 tionem3
2205 1854 2285 1919 ad
2311 1854 2715 1937 dignitatem,
2749 1873 2863 1938 per
2888 1854 3324 1933 vocationem3
3358 1854 3441 1919 ad

1898 1962 2471 2044 immortalitatem,
2504 1984 2620 2048 per
2658 1965 3080 2030 evolationem
3125 1969 3187 2030 et
3235 1983 3443 2031 resur·-

1898 2072 2273 2137 rectionem.
3002 2060 3009 2068 ⁸

1981 2179 2069 2244 De
2096 2180 2306 2263 primo
2334 2180 2381 2217 ¹⁸
2412 2201 2428 2245 t
2472 2202 2503 2242 «ι
2519 2180 2805 2245 Ascende
2831 2180 2901 2245 in
2928 2187 3212 2247 montem
3241 2182 3439 2250 istum

1901 2287 2169 2352 Abarim
2188 2336 2205 2368 ,
2237 2291 2302 2352 et
2327 2287 2757 2370 contemplare
2782 2288 2927 2353 inde
2954 2294 3213 2370 terram,
3244 2311 3441 2375 quam

1902 2394 2169 2460 daturus
2197 2413 2349 2460 sum
2372 2394 2521 2458 tiliis
2536 2393 2753 2471 Israel,
2774 2417 2804 2456 υ
2833 2399 3071 2462 terram
3089 2398 3325 2463 scilicet
3356 2400 3447 2464 vi-

1904 2501 2216 2566 ventium.
2275 2501 2457 2568 Mons
2499 2504 2714 2565 autem
2770 2502 3175 2570 altitudinem
3217 2507 3449 2570 mentis

1902 2613 2163 2688 nostrie,
2189 2608 2292 2674 vel
2318 2609 2467 2674 fidei
2496 2610 2836 2689 significat,
2870 2630 2984 2694 per
3000 2631 3196 2694 quam
3224 2614 3450 2678 transi-

1906 2734 2053 2780 mus
2089 2716 2169 2782 ad
2210 2715 2433 2782 Deum.
2477 2716 2659 2782 Unde
2706 2719 2968 2783 Abarim
2996 2720 3449 2805 interpretatur

1900 2826 2347 2906 pertransitio.
2404 2825 2762 2891 Asoendere
2804 2845 2918 2909 per
2964 2829 3448 2913 contemplatio-

1906 2949 2058 2996 nem
2088 2949 2223 2997 non
2245 2936 2449 3015 potest
2473 2934 2764 3014 carnalis,
2797 2935 2905 2999 scd
2929 2936 3293 3018 spiritualis.
3317 2937 3443 3017 Sic,

1906 3039 1989 3104 ad
2011 3039 2312 3121 litteram,
2345 3042 2599 3106 carnosi
2624 3045 2688 3107 et
2716 3041 2991 3124 pingues
3016 3043 3176 3109 altos
3203 3049 3453 3110 montes

1910 3164 2043 3211 non
2081 3147 2247 3212 bene
2291 3149 2633 3213 ascendere
2684 3153 2971 3232 possunt.
3033 3149 3211 3215 Unde
3233 3201 3249 3230 ,
3304 3171 3453 3217 cum

1909 3253 2187 3319 loannes
2230 3254 2494 3321 vidisset
2541 3258 2775 3322 ostium
2822 3261 3115 3341 apertum
3139 3305 3157 3340 ,
3209 3260 3455 3326 audivit

1910 3361 2226 3427 dicentem
2249 3363 2374 3427 sihi
2396 3364 2480 3425 ¹⁸:
2513 3385 2545 3424 α
2559 3362 2841 3429 Ascende
2857 3365 3005 3447 huc,
3034 3369 3098 3430 et
3123 3368 3457 3431 ostendam

1910 3470 2028 3535 tibi
2075 3490 2222 3555 quae
2267 3477 2516 3555 oportet
2562 3473 2704 3538 fleri
2749 3473 2895 3539 cit0.
2923 3496 2954 3535 ι
3002 3474 3080 3540 Et
3118 3477 3451 3559 sequitur:
3526 3547 3531 3554 ,

1916 3604 1949 3644 ι
1978 3581 2060 3646 Et
2082 3582 2298 3646 statim
2323 3582 2416 3647 fui
2442 3582 2509 3646 in
2548 3583 2800 3666 spiritu.
2830 3605 2862 3642 a
2896 3582 3097 3648 Debes
3138 3603 3300 3668 ergo
3324 3604 3454 3650 non

1912 3689 1983 3752 in
2013 3707 2229 3768 carne,
2259 3689 2369 3753 sed
2397 3689 2467 3753 in
2491 3690 2743 3773 spiritu,
2773 3709 2905 3756 non
2935 3701 3085 3755 cum
3113 3692 3316 3772 asino,
3345 3692 3459 3757 sed

1914 3816 2063 3863 cum
2091 3814 2293 3880 puero
2322 3800 2606 3862 montem
2633 3796 2894 3862 visionis
2920 3798 3278 3863 ascendere.
3309 3797 3456 3863 Ber·-

1915 3905 2156 3971 nardus
2181 3905 2223 3941 ¹⁸
2248 3927 2263 3969 :
2296 3928 2326 3966 α
2344 3904 2748 3981 Intentiones‚
2770 3905 3207 3986 cogitationes,
3233 3907 3458 3971 volun-

1916 4018 2036 4093 tas,
2064 4012 2451 4091 affectiones,
2478 4015 2543 4076 et
2572 4012 2791 4075 omnia
2814 4012 3117 4077 interiora
3142 4031 3307 4093 mea,
3341 4032 3457 4078 ve-

1918 4120 2074 4200 nite,
2110 4120 2531 4185 ascendamus
2573 4120 2640 4183 in
2684 4124 2965 4185 montem
3016 4119 3298 4202 Domini,
3344 4122 3465 4187 ubi

1920 4229 2230 4296 Dominus
2249 4227 2442 4306 videt,
2473 4231 2537 4291 et
2561 4226 2838 4292 videtur.
2868 4248 2899 4287 n
2929 4226 3104 4292 Sicut
3122 4233 3339 4294 autem
3356 4247 3467 4294 os-

1922 4339 2090 4403 tium
2129 4337 2200 4401 in
2247 4334 2406 4399 coelo
2448 4339 2741 4417 apertum
2787 4339 2884 4399 est
2942 4337 3421 4401 ascendentibus
3441 4385 3458 4416 ,

1923 4446 2014 4511 sic
2051 4445 2287 4511 ostium
2334 4444 2411 4508 in
2451 4443 2700 4508 inferno
2736 4448 3029 4527 apertum
3073 4448 3169 4509 est
3212 4445 3467 4510 descen·

1922 4553 2222 4621 dentibus
2271 4553 2315 4591 ¹⁷
2365 4570 2385 4616 t
2427 4575 2459 4615 α
2498 4551 2796 4618 Dilatavit
2842 4553 3133 4618 internus
3180 4553 3462 4618 anim-am

1924 4680 2113 4727 suam
2130 4708 2153 4742 ,
2177 4664 2243 4725 et
2265 4661 2515 4745 aperuit
2556 4678 2628 4725 os
2655 4679 2855 4728 suum
2879 4662 3120 4745 absque
3161 4660 3295 4727 ullo
3337 4666 3463 4726 ter·-

1929 4771 2107 4836 mino
2139 4787 2163 4834 ε.
2188 4772 2251 4832 et
2277 4768 2659 4833 descendent
2686 4769 2877 4833 fortes
2903 4770 3072 4850 eJus,
3102 4771 3165 4832 et
3190 4768 3475 4851 populus

1927 4881 2093 4962 eJuS,
2115 4881 2181 4943 et
2203 4877 2509 4942 sublimes
2536 4876 2927 4959 gloriosique
2955 4878 3099 4958 eJus
3116 4876 3199 4941 ad
3224 4894 3396 4941 eum.
3429 4898 3461 4936 u

2010 4985 2498 5053 Doseeundoss:
2536 4982 2743 5061 «Quae
2770 4982 3475 5066 estistaquaeascendit

1931 5162 2049 5200 soec.
2080 5158 2198 5197 1111.
2219 5171 2282 5184 —
2316 5145 2355 5181 ¹³
2382 5145 2517 5202 Luc„
2550 5156 2657 5208 xiv,
2687 5147 2762 5195 10.
2793 5170 2857 5182 —
2895 5143 2935 5180 ¹⁸
2959 5144 3134 5206 Num„
3160 5157 3361 5208 xxxva,
3393 5148 3470 5198 ¹2,

1933 5249 1990 5259 —
2031 5220 2076 5256 ¹⁸
2121 5221 2291 5282 Apoc„
2333 5228 2375 5280 ¹,
2413 5220 2463 5267 ἓ.
2490 5242 2555 5253 -
2601 5217 2646 5252 ¹⁸
2679 5217 2829 5267 Bern.
2862 5240 2925 5255 -
2963 5216 3006 5252 ¹⁷
3043 5217 3163 5277 lea„
3206 5228 3256 5280 v,
3305 5222 3382 5268 14.
3410 5244 3473 5257 -

1931 5291 1977 5327 ¹⁸
2006 5291 2152 5343 Cant.
2170 5326 2186 5353 ,
2225 5300 2313 5350 ιιι,
2346 5289 2397 5338 6.
2423 5312 2487 5328 -
2518 5286 2591 5350 (α)
2616 5286 2737 5337 coet.
2765 5284 2886 5336 odit.
2924 5286 3102 5351 ipsius.
3130 5313 3191 5326 -
3222 5287 3295 5352 (b)
3322 5288 3477 5354 Apud

1932 5364 2084 5415 Bon.
2110 5360 2232 5412 edit.
2258 5357 2458 5414 unhul.
2487 5357 2699 5411 tantis...
2719 5357 2941 5422 quantis.
2967 5383 3031 5397 —
3048 5358 3116 5423 (c)
3147 5358 3257 5411 Del.
3278 5362 3469 5415 autem.

1936 5461 1992 5473 -—
2014 5433 2088 5500 (d)
2114 5434 2230 5498 Leq.
2260 5429 2604 5483 vocationem.
