4059 6317
1023 493 1396 567 hommes
1440 492 1518 565 ΙΝ
1565 494 1976 565 PASSIONE.
2020 496 2288 565 SERMO
2330 494 2408 564 ΙΙ.

161 631 513 700 Hierusalem
571 632 892 701 coelestem
928 654 946 709 ;
992 634 1230 717 alioqui
1287 633 1520 699 dicitur
1554 634 1573 670 ¹
1636 655 1653 697 ε

166 764 192 804 e
213 740 316 818 Qui
341 759 468 805 non
492 740 719 822 accipit
738 758 1014 817 crucem,
1043 761 1076 799 ι
1111 745 1234 805 etc.
1264 739 1434 806 Bene
1461 742 1549 805 ait
1568 757 1662 807 se·-

159 849 404 917 cundum
428 847 718 917 ordinem
751 849 1227 927 Melchisedech,
1255 851 1368 934 qui
1393 851 1662 935 protulit

159 974 353 1037 panem
375 960 436 1021 et
459 957 706 1036 vinum,
732 959 808 1021 ut
827 957 1058 1022 dicitur
1078 958 1102 993 ¹
1125 957 1256 1023 :ita
1280 964 1343 1023 et
1370 958 1659 1023 Christus

159 1062 212 1126 in
232 1068 632 1130 sacramento.

221 1170 294 1233 lle
357 1172 632 1236 secundo
701 1171 724 1208 ⁸
776 1194 792 1237 ε
890 1195 922 1233 α
979 1171 1164 1237 Hunc
1243 1172 1663 1257 praesignavit

160 1275 316 1356 Deua
340 1300 372 1337 n
412 1282 556 1359 etc„
587 1297 793 1361 usque
825 1300 841 1344 z
878 1303 910 1341 α
934 1279 1069 1344 Hoc
1090 1284 1187 1345 est
1224 1298 1387 1363 opus
1415 1280 1560 1357 Dei,
1588 1285 1662 1345 ut

160 1385 388 1449 credatis
419 1385 486 1450 in
522 1404 675 1452 eum
699 1435 718 1464 ,
766 1407 960 1472 quem
1008 1388 1183 1454 misit
1239 1389 1370 1453 ille.
1419 1411 1451 1449 n
1505 1388 1664 1454 Ecce

161 1489 320 1555 Filius
341 1511 380 1556 a
405 1491 588 1558 Patre
618 1494 916 1576 signatus
939 1500 1056 1561 est.
1094 1495 1408 1577 Signatus
1432 1500 1527 1561 est
1553 1514 1664 1560 au-

163 1602 267 1662 tem
291 1604 519 1683 septem
534 1603 764 1684 sigillis
787 1608 812 1645 ⁸
841 1625 857 1666 :
886 1604 941 1667 si
965 1622 1097 1668 uno
1123 1603 1338 1685 sigillo
1355 1603 1660 1683 creditur,

162 1710 367 1788 quanto
395 1708 537 1790 plus
562 1711 857 1793 septem?
883 1709 1007 1775 Sed
1043 1709 1120 1775 de
1159 1711 1372 1792 primo
1410 1713 1663 1775 tantum

162 1816 230 1880 ad
271 1836 532 1899 praesens
599 1821 942 1887 dicendum
994 1824 1113 1886 est.
1157 1822 1446 1886 Primum
1502 1839 1663 1902 ergo

162 1923 415 2004 sigillum
442 1927 881 2009 virginitatem
919 1928 1137 1994 Mariae
1168 1933 1375 2013 potest
1405 1929 1666 2012 signifi-

161 2048 300 2096 care.
335 2032 636 2116 Origenes
658 2041 682 2076 ⁸
712 2057 728 2100 :
767 2058 801 2096 ι
828 2035 1024 2101 Mater
1065 2035 1204 2100 Filii
1252 2037 1414 2101 facta
1450 2041 1571 2115 est,
1603 2041 1668 2102 et

163 2139 424 2209 mutatis
472 2141 762 2222 sigillum
797 2159 928 2206 non
962 2142 1198 2206 amisit.
1227 2165 1258 2202 n
1293 2143 1382 2208 De
1415 2142 1539 2208 hoc
1575 2144 1667 2207 si·

57 2230 66 2243 ⁸
164 2244 296 2325 gillo
319 2247 340 2282 ⁸
368 2268 382 2309 :
412 2270 442 2307 α
458 2247 678 2313 Exivit
703 2249 988 2330 vincens,
1004 2254 1079 2314 ut
1095 2251 1380 2315 vinceret
1404 2251 1471 2314 in
1498 2269 1666 2335 equo

161 2351 302 2432 albo,
317 2377 344 2413 n
367 2355 426 2419 id
443 2359 560 2434 est,
585 2354 787 2421 Filius
806 2357 913 2422 Dei
929 2357 999 2421 in
1015 2375 1206 2422 carne
1232 2359 1497 2424 munda.
1529 2358 1665 2423 Sub

159 2459 270 2525 hoc*
284 2462 480 2544 sigillo
505 2482 624 2547 per
650 2465 995 2546 Christum,
1011 2468 1077 2531 et
1106 2485 1220 2549 per
1241 2465 1662 2549 Evangelium

163 2584 345 2649 suum,
377 2575 684 2654 tanquam
711 2590 828 2654 per
852 2572 1097 2638 litteras
1113 2576 1384 2654 regales,
1410 2579 1666 2639 senten-

164 2675 238 2739 tia
269 2680 477 2743 mortis
505 2683 768 2744 aeternae
802 2684 1097 2745 revocata
1125 2685 1240 2745 est.
1285 2680 1462 2745 Unde
1502 2682 1666 2747 bene

167 2782 231 2847 de
248 2782 473 2864 litteris,
503 2805 667 2870 quas
698 2787 874 2851 misit
905 2786 1221 2852 Assuerus
1245 2805 1364 2851 rex
1390 2788 1471 2852 ad
1486 2806 1667 2854 revo-

170 2886 392 2951 caudam
411 2891 791 2954 sententiam
818 2889 1040 2957 mortis
1064 2887 1278 2954 datam
1304 2894 1521 2954 contra
1544 2891 1579 2957 J
1582 2910 1661 2956 u-

170 2990 325 3073 daeoe,
344 2996 571 3061 dicitur
596 3003 621 3039 ⁷
647 3018 662 3060 :
696 3019 727 3058 α
743 2997 1144 3062 Consuetudo
1161 3002 1236 3062 ut
1255 2997 1335 3080 (a)
1359 2998 1661 3081 epistolis,

167 3117 288 3181 quae
321 3120 397 3167 ex
424 3104 596 3184 regis
635 3104 895 3169 nomine
920 3103 1358 3184 mittebantur,
1392 3111 1457 3171 et
1495 3106 1667 3172 illius

163 3210 365 3275 annulo
388 3209 657 3292 signatae
681 3213 884 3287 erant,
917 3229 1105 3276 nemo
1125 3213 1387 3279 auderet
1412 3215 1488 3295 (b)
1517 3232 1669 3279 con-

163 3315 449 3384 tradicere.
467 3340 501 3378 s
527 3318 784 3400 Digitus
796 3317 906 3383 Dei
928 3318 1200 3402 Spiritus
1225 3325 1481 3387 sanctus
1506 3322 1667 3387 dici-

162 3424 292 3488 tur:
318 3426 590 3492 annulus
634 3443 794 3508 ergo
831 3427 1029 3508 hujus
1068 3427 1254 3509 digiti
1299 3429 1544 3495 donum
1570 3434 1667 3495 est

159 3525 399 3610 Spiritus
434 3533 660 3610 sancti,
690 3551 820 3615 quo
845 3532 1154 3615 impressa
1188 3539 1284 3600 est
1325 3536 1665 3618 virginitas

160 3632 369 3702 Mariae.
429 3637 608 3705 Sicut
664 3641 842 3705 enim
909 3642 1124 3723 regale
1186 3643 1475 3724 sigillum
1528 3646 1667 3710 sine

164 3759 322 3825 rege,
357 3745 442 3811 ita
476 3747 822 3827 virginitas
846 3747 1070 3813 haberi
1113 3767 1242 3814 non
1284 3754 1488 3834 potest
1528 3752 1666 3817 sine

163 3847 256 3912 Dei
288 3851 444 3919 dono
469 3859 536 3918 ⁸:
575 3876 609 3915 α
634 3852 811 3919 Scivi
829 3856 1001 3937 quod
1033 3856 1213 3921 aliter
1247 3875 1379 3923 non
1411 3877 1661 3942 possem

158 3972 275 4022 csse
298 3965 647 4041 continens,
674 3961 801 4025 nisi
830 3961 999 4028 Deus
1026 3963 1152 4028 det.
1177 3985 1209 4024 n

221 4063 592 4132 Detertio⁹z
635 4090 666 4127 α
719 4066 1013 4150 Expandi
1056 4087 1289 4135 manus
1319 4089 1495 4138 meas
1534 4077 1666 4139 tota

157 4168 244 4234 die
269 4173 342 4237 ad
381 4174 693 4259 populum
736 4173 1173 4255 incredulum,
1217 4198 1248 4237 η
1282 4183 1402 4244 etc.
1452 4177 1665 4245 Incre-

155 4274 285 4343 dulo
307 4283 691 4364 expanditur
715 4300 968 4359 manus,
993 4288 1069 4347 ut
1095 4285 1380 4351 manuali
1398 4288 1666 4371 promis-

156 4382 308 4449 sione
330 4386 621 4451 credulus
655 4387 795 4465 fiet,
838 4387 1002 4452 sicut
1043 4386 1329 4455 Christus
1368 4391 1441 4455 in
1479 4410 1665 4458 cruce

159 4506 384 4558 manus.
434 4493 559 4560 Sed
610 4493 765 4577 quid
819 4494 1147 4577 promisit,
1205 4496 1330 4561 nisi
1370 4499 1662 4580 veniam,

155 4601 401 4678 gratiam
415 4651 434 4684 ,
481 4605 545 4667 et
587 4600 864 4684 gloriam
882 4603 914 4666 ⁴?
958 4600 1177 4667 Glossa
1215 4626 1230 4667 ε
1276 4628 1307 4665 α
1347 4605 1667 4689 Expandi

154 4721 362 4776 mnus
423 4725 598 4776 meas
662 4710 730 4772 iu
797 4727 984 4773 cruce
1043 4728 1234 4775 orans
1281 4713 1327 4753 ¹⁰
1369 4734 1386 4777 t
1434 4714 1662 4796 Pater,

156 4811 385 4894 ionosce
410 4816 481 4899 (c)
506 4816 671 4894 illis,
692 4813 799 4880 vel
824 4819 898 4878 ut
927 4833 1035 4880 eos
1053 4817 1424 4901 reciperem,
1451 4826 1514 4886 et
1541 4824 1667 4887 col-

153 4918 404 4987 locarem
422 4924 488 4986 in
507 4923 660 4988 sinu
683 4938 852 5000 mec,
882 4921 988 4987 vel
1004 4921 1310 4991 beneficia
1325 4925 1665 4994 hominum

153 5024 515 5110 largiendo.»
535 5029 626 5095 De
640 5029 1058 5113 promissione
1086 5031 1310 5112 gloriae
1337 5035 1570 5101 dicitur
1585 5039 1661 5103 ¹²:

206 5153 446 5217 ¹1at1h„
478 5167 537 5218 x,
567 5158 740 5206 38.-
767 5153 961 5212 men..
1004 5166 1108 5218 ΧΓ,
1143 5159 1224 5207 18.
1256 5184 1311 5195 --
1348 5160 1562 5219 ⁸.,Jocm
1593 5174 1664 5228 vr,

154 5224 396 5275 2829.—
444 5228 674 5291 *Δροοη
726 5230 874 5285 v,1.
927 5227 1415 5293 —⁵Origcn.,in
1463 5234 1665 5296 Manli„

155 5298 266 5349 tom.
291 5297 367 5359 Χ,
396 5311 448 5347 u.
481 5300 556 5362 Π,
585 5296 759 5362 quoad
791 5308 1017 5346 sensum.
1051 5323 1105 5333 --
1149 5266 1374 5364 ·Ap0’c„
1415 5314 1491 5365 γι,
1529 5308 1576 5355 2
1607 5332 1664 5342 .-

157 5334 892 5431 E'tln„v111,8.-⁸Sap.,
926 5372 1589 5440 v111‚21.—·12a.,1,xv,

3184 500 3305 565 1¹19

1772 655 1802 694 «
1833 632 2065 699 Beatus
2091 633 2195 698 vir
2220 632 2332 717 qui
2359 633 2594 725 suffert
2610 632 3063 698 tentationem.-
3081 655 3112 693 n
3154 633 3301 713 Sed,

1760 740 1922 806 heul
1974 742 2330 808 timendum
2358 745 2474 821 est,
2517 741 2687 824 quod
2740 759 2870 806 non
2922 741 3130 807 solum
3184 742 3308 826 piis

1761 852 1827 913 et
1842 849 2047 930 gratis
2072 866 2403 923 coronam,
2458 848 2568 913 sed
2613 849 2803 912 etiam
2844 849 3061 931 impiis
3099 868 3143 914 a
3185 867 3308 914 sua
3334 856 3359 877 ⁸

1764 954 2053 1037 passione
2088 954 2174 1037 (d)
2202 955 2474 1037 ingratis
2511 955 2875 1037 promiserit
2914 956 3302 1038 gehennam.

1765 1059 1942 1127 Unde
2003 1062 2168 1127 bene
2234 1066 2539 1145 utrasque
2596 1080 2827 1127 manus
2877 1062 3183 1145 expandit
3238 1063 3309 1127 in

1763 1187 1981 1248 cruce,
2014 1170 2201 1253 quasi
2235 1169 2495 1234 dextera
2518 1171 2791 1251 gloriam
2806 1218 2827 1250 ,
2859 1171 3117 1235 sinistra
3152 1188 3308 1236 vero

1763 1294 2019 1359 poenam
2056 1277 2452 1360 promittens
2504 1276 2681 1341 Unde
2724 1278 2918 1342 etiam
2964 1277 3046 1342 ad
3086 1278 3309 1342 dexte-

1764 1400 1903 1446 ram
1932 1385 2219 1466 pendens
2241 1383 2440 1447 salvat
2448 1402 2545 1464 ur,
2571 1384 2652 1448 ad
2673 1385 2995 1450 sinistram
3024 1387 3308 1470 pendeus

1764 1492 2127 1557 damnatur.
2151 1490 2316 1557 Olim
2335 1490 2500 1556 Deus
2519 1492 2642 1556 ista
2660 1510 2775 1575 per
2800 1493 3309 1577 chirographum

1766 1599 2114 1682 Scripturae
2143 1599 2458 1683 promisit,
2492 1600 2603 1665 sed
2635 1592 2916 1666 mundus
2941 1619 3072 1666 non
3097 1602 3304 1667 cmdi-

1766 1707 1858 1770 dit
1893 1728 1909 1771 ε
1938 1708 2082 1773 ideo
2120 1725 2234 1789 per
2256 1707 2697 1773 fidelissimum
2737 1708 3175 1791 fidejussorem
3202 1708 3305 1774 Fi-

1764 1814 1928 1879 lium
1953 1833 2148 1880 suum
2178 1814 2628 1897 promissiones
2667 1834 2815 1881 suas
2842 1817 3146 1897 firmavit,
3178 1816 3314 1883 imo

1769 1921 2093 2004 persolvit.
2126 1921 2528 2004 Augustinus
2551 1924 2600 1964 ¹¹
2631 1946 2647 1989 ε
2686 1948 2716 1984 «
2744 1924 2907 2002 Quia
2944 1923 3313 1989 incredibile

1769 2030 2107 2095 videbatur
2130 2031 2501 2096 hominibus
2544 2031 2717 2114 quod
2751 2031 3161 2114 promittebat
3184 2031 3313 2097 Do-

1770 2136 2005 2216 minuS,
2029 2157 2162 2202 non
2188 2139 2401 2204 solum
2430 2138 2827 2221 Scripturam
2846 2138 2992 2203 fecit
3011 2143 3088 2203 ut
3105 2140 3313 2204 crede-

1768 2247 1928 2324 rent,
1960 2245 2073 2309 sed
2096 2247 2290 2310 etiam
2318 2246 2464 2311 fidei
2495 2263 2633 2310 suae
2659 2245 2871 2329 posuit
2898 2245 3313 2312 mediatorem

1769 2370 1902 2416 non
1929 2353 2281 2435 quemlibet
2296 2353 2672 2436 principem,
2705 2357 2817 2417 aut
2834 2353 3181 2436 quemlihet
3206 2372 3316 2418 an-

1771 2459 1993 2539 gelum
2008 2506 2025 2537 ,
2064 2464 2176 2523 aut
2211 2460 2711 2541 archangelum,
2753 2460 2862 2525 sed
2909 2460 3175 2526 unicum
3206 2459 3314 2524 Fi-

1769 2565 1954 2630 lium.
1981 2588 2010 2626 u

1851 2672 1938 2738 De
1964 2678 2196 2757 quarto
2220 2675 2267 2712 ¹⁸
2294 2697 2309 2739 :
2340 2675 2460 2740 «Si
2490 2674 2825 2740 crederetis
2852 2675 3074 2759 Moysi,
3102 2674 3318 2740 crede-

1770 2782 1925 2845 retis
1950 2781 2216 2846 forsitan
2243 2787 2310 2848 et
2336 2783 2519 2863 mihi,
2541 2782 2621 2848 de
2649 2801 2754 2847 me
2776 2782 2952 2848 enim
2978 2782 3082 2847 ille
3107 2782 3319 2865 scrip-

1770 2890 1874 2953 sit.
1902 2911 1935 2950 »
1983 2893 2028 2934 ¹¹·
2069 2913 2100 2953 α
2128 2890 2244 2956 Hic
2281 2891 2459 2956 venit
2492 2891 2562 2955 in
2605 2891 3071 2969 testimonium,
3101 2912 3134 2951 ι»
3165 2896 3314 2970 etc.,

1771 3015 1977 3080 usque
2005 3020 2021 3062 :
2053 3021 2085 3059 (ι
2112 3000 2443 3064 crederent
2464 3017 2578 3082 per
2603 2999 2808 3064 illum.
2829 3022 2859 3060 n
2880 2999 3041 3066 Vere
3073 3017 3319 3081 magna

1771 3123 2188 3188 magnorum,
2236 3112 2301 3172 et
2340 3107 2545 3172 multa
2572 3107 2923 3172 multorum
2948 3106 3315 3172 testimonia

1769 3213 1995 3279 habuit
2029 3214 2314 3279 Christus
2358 3236 2374 3276 z
2423 3214 2608 3278 crede
2633 3231 2795 3295 ergo
2832 3213 3010 3296 ipsis·
3038 3212 3318 3278 Ambro-

1771 3321 1903 3386 sius
1928 3323 1973 3358 ¹⁸
2004 3343 2020 3385 t
2063 3345 2096 3384 α
2117 3320 2304 3387 Vides
2331 3325 2612 3404 pastores
2652 3319 2901 3403 Angelo
2932 3319 3266 3384 credidisse
3296 3337 3314 3383 ε

1771 3432 1836 3493 et
1862 3433 1934 3493 tu
1956 3428 2130 3494 Patri
2155 3430 2221 3493 et
2256 3426 2521 3510 Spiritui
2547 3432 2765 3492 sancto
2790 3426 2994 3507 crede,
3034 3427 3317 3508 Angelis,

1772 3535 2108 3620 Prophetis
2129 3585 2149 3617 ,
2198 3535 2517 3618 Apostolis
2560 3540 2623 3599 et
2661 3538 2735 3599 tu
2776 3535 2980 3600 crede.
3027 3556 3058 3595 ι)
3116 3534 3320 3600 Habet

1772 3649 1941 3709 certe
1967 3642 2275 3707 Dominus
2301 3643 2740 3707 testimonium
2772 3660 2905 3707 non
2931 3642 3141 3708 solum
3168 3660 3317 3708 ma-

1772 3769 2055 3833 gnarum
2083 3768 2526 3835 personarum,
2566 3750 2677 3815 sed
2705 3750 2900 3815 etiam
2926 3768 3318 3832 magnorum

1772 3876 2042 3942 operum
2065 3860 2153 3923 ¹⁸:
2190 3859 2302 3924 «Si
2322 3859 2483 3923 mihi
2503 3876 2630 3922 non
2650 3855 2844 3924 vultis
2866 3858 3139 3936 credere,
3171 3876 3317 3940 ope·

1771 3965 1953 4031 ribus
1976 3966 2288 4030 credite.»
2310 3965 2358 4030 Ο
2386 3965 2652 4030 Domine
2678 3964 2853 4044 Iesu,
2887 3982 3030 4030 ecce
3058 3965 3105 4005 ¹⁷
3132 3987 3163 4025 «
3188 3970 3313 4029 tes-

1773 4073 2044 4137 timonia
2078 4072 2400 4137 credibilia
2441 4073 2606 4137 facta
2644 4077 2794 4136 sunt
2833 4071 3048 4137 nimis.
3092 4094 3122 4131 2>
3157 4071 3312 4152 Sed,

1774 4179 1929 4244 heul
1980 4183 2268 4262 peccator
2311 4179 2525 4258 miser,
2573 4179 2784 4245 adhuc
2822 4179 2936 4246 vix
2979 4181 3040 4244 ei
3086 4179 3312 4244 credis.

1773 4284 2134 4352 Bernardus
2159 4286 2253 4323 ¹⁸·
2240 4307 2327 4350 ,α
2346 4287 2618 4352 Putasne
2658 4287 2891 4353 Filium
2925 4287 3033 4353 Dei
3061 4293 3317 4370 reputat

1771 4391 1992 4459 Jesum
2025 4394 2317 4477 quisquis
2342 4394 2447 4459 ille
2472 4396 2691 4474 homo,
2741 4396 2850 4479 qui
2878 4413 3084 4479 neque
3110 4396 3315 4478 ipsius

1772 4504 2050 4566 terretur
2074 4502 2702 4583 comminationibus,
2732 4520 2943 4585 neque
2968 4503 3307 4567 attrahitur

1773 4608 2336 4690 promissionibus,
2399 4627 2609 4692 neque
2674 4610 3004 4692 praeceptis
3065 4608 3312 4675 obtem-

1775 4717 1976 4796 perat,
2005 4732 2216 4797 neque
2246 4715 2524 4780 consiliis
2553 4716 2937 4798 acquiescit?
2965 4714 3188 4781 Nonne
3220 4722 3315 4782 est

1775 4821 1854 4885 de
1877 4820 1990 4901 eiS,
2041 4821 2156 4903 qui
2196 4822 2478 4888 fatentur
2513 4840 2582 4887 se
2626 4841 2813 4888 nosse
2855 4822 3053 4890 Deum
3076 4872 3093 4903 ,
3139 4824 3315 4889 factis

1774 4931 1994 4993 autem
2015 4932 2303 5010 negant?
2319 4952 2351 4990 n

1775 5079 1906 5116 —10
1935 5078 2073 5138 Luc„
2101 5092 2260 5144 xx111,
2291 5083 2370 5132 34.
2403 5107 2464 5119 -
2504 5083 2541 5118 ¹¹
2578 5083 2708 5147 lac„
2742 5092 2786 5147 1,
2817 5086 2892 5133 12.
2927 5107 2988 5120 —
3016 5082 3062 5117 ¹³
3089 5084 3216 5148 Aug.
3254 5109 3315 5123 —

1782 5151 1826 5186 ¹⁸
1855 5152 2021 5215 leam,
2057 5164 2108 5215 ν,
2147 5152 2226 5202 46.
2268 5178 2319 5190 -
2360 5153 2398 5189 ¹⁴
2431 5154 2593 5211 Jooet..
2638 5166 2684 5217 1,
2727 5156 2777 5203 7.
2817 5180 2874 5191 —
2914 5155 2953 5189 ¹⁸
2986 5154 3223 5205 Ambros.
3253 5180 3317 5193 -

1779 5222 2012 5282 ¹⁶loen..
2045 5235 2098 5285 x,
2137 5225 2215 5274 38.
2243 5249 2308 5261 ——
2344 5224 2378 5256 ¹⁷
2405 5225 2541 5274 Psal.
2570 5237 2699 5289 scu,
2727 5228 2776 5277 5.
2805 5251 2870 5263 -
2901 5225 2945 5259 ²⁸
2976 5226 3128 5276 Bern.

1842 5307 1910 5368 (a)
1936 5306 2057 5356 Ccst.
2080 5305 2202 5357 edit.
2221 5307 2293 5357 in.
2319 5333 2376 5344 --
2397 5308 2469 5373 (ὁ)
2491 5309 2612 5359 Item
2627 5308 2866 5361 audebat.
2884 5334 2944 5347 -
2964 5309 3025 5374 (c)
3057 5308 3206 5375 vulg.
3235 5309 3316 5360 ‹li-

1777 5380 2020 5426 mitte.—
2049 5377 2117 5440 (d)
2152 5378 2266 5442 ιαμ.
2295 5382 2347 5427 et
2372 5392 2476 5428 sum
2504 5380 2744 5443 passioni.
