<?xml version="1.0" encoding="UTF-8"?>
<!DOCTYPE html PUBLIC "-//W3C//DTD XHTML 1.0 Transitional//EN"
    "http://www.w3.org/TR/xhtml1/DTD/xhtml1-transitional.dtd">
<html xmlns="http://www.w3.org/1999/xhtml" xml:lang="en" lang="en">
 <head>
  <title>
</title>
<meta http-equiv="Content-Type" content="text/html;charset=utf-8" />
  <meta name='ocr-system' content='tesseract 3.04.00' />
  <meta name='ocr-capabilities' content='ocr_page ocr_carea ocr_par ocr_line ocrx_word'/>
</head>
<body>
  <div class='ocr_page' id='page_1' title='image "./srecardinalissb02peltgoog_0661.png"; bbox 0 0 4059 6317; ppageno 0'>
   <div class='ocr_carea' id='block_1_1' title="bbox 945 483 2664 553">
    <p class='ocr_par' dir='ltr' id='par_1_1' title="bbox 945 483 2664 553">
     <span class='ocr_line' id='line_1_1' title="bbox 945 483 2664 553; baseline -0.001 -1"><span class='ocrx_word' id='word_1_1' title='bbox 945 485 1049 552; x_wconf 88' lang='lat' dir='ltr'><strong>DE</strong></span> <span class='ocrx_word' id='word_1_2' title='bbox 1085 483 1341 552; x_wconf 87' lang='lat' dir='ltr'>FESTO</span> <span class='ocrx_word' id='word_1_3' title='bbox 1380 483 1694 552; x_wconf 75' lang='lat' dir='ltr'><strong>OMNIUM</strong></span> <span class='ocrx_word' id='word_1_4' title='bbox 1733 483 2234 553; x_wconf 73' lang='lat' dir='ltr'><strong>SANGTORUM.</strong></span> <span class='ocrx_word' id='word_1_5' title='bbox 2280 483 2544 552; x_wconf 84' lang='lat' dir='ltr'>SERMO</span> <span class='ocrx_word' id='word_1_6' title='bbox 2589 485 2664 550; x_wconf 88' lang='lat'><strong>11.</strong></span> 
     </span>
    </p>
   </div>
   <div class='ocr_carea' id='block_1_2' title="bbox 192 620 1752 3140">
    <p class='ocr_par' dir='ltr' id='par_1_2' title="bbox 198 620 1743 776">
     <span class='ocr_line' id='line_1_2' title="bbox 200 620 1743 700; baseline -0.001 -18"><span class='ocrx_word' id='word_1_7' title='bbox 200 639 385 700; x_wconf 88' lang='lat' dir='ltr'><strong>gnus,</strong></span> <span class='ocrx_word' id='word_1_8' title='bbox 416 637 613 699; x_wconf 84' lang='lat' dir='ltr'><strong>neque</strong></span> <span class='ocrx_word' id='word_1_9' title='bbox 647 621 1082 699; x_wconf 88' lang='lat' dir='ltr'><strong>permanebunt</strong></span> <span class='ocrx_word' id='word_1_10' title='bbox 1114 620 1314 696; x_wconf 85' lang='lat' dir='ltr'><strong>injusti</strong></span> <span class='ocrx_word' id='word_1_11' title='bbox 1360 625 1497 682; x_wconf 85' lang='lat' dir='ltr'><strong>ante</strong></span> <span class='ocrx_word' id='word_1_12' title='bbox 1535 621 1743 682; x_wconf 88' lang='lat' dir='ltr'><strong>oculos</strong></span> 
     </span>
     <span class='ocr_line' id='line_1_3' title="bbox 198 721 399 776; baseline -0.005 0"><span class='ocrx_word' id='word_1_13' title='bbox 198 721 399 776; x_wconf 69' lang='lat' dir='ltr'><strong>tuoe.»</strong></span> 
     </span>
    </p>

    <p class='ocr_par' dir='ltr' id='par_1_3' title="bbox 192 810 1752 3140">
     <span class='ocr_line' id='line_1_4' title="bbox 267 810 1743 886; baseline 0 -16"><span class='ocrx_word' id='word_1_14' title='bbox 267 813 525 884; x_wconf 79' lang='lat' dir='ltr'><strong>Octavo,</strong></span> <span class='ocrx_word' id='word_1_15' title='bbox 554 811 769 870; x_wconf 84' lang='lat' dir='ltr'><strong>domus</strong></span> <span class='ocrx_word' id='word_1_16' title='bbox 795 814 882 870; x_wconf 89' lang='lat' dir='ltr'><strong>est</strong></span> <span class='ocrx_word' id='word_1_17' title='bbox 916 810 1409 885; x_wconf 68' lang='lat' dir='ltr'><strong>supernaturalia,</strong></span> <span class='ocrx_word' id='word_1_18' title='bbox 1448 814 1505 870; x_wconf 91' lang='lat' dir='ltr'><strong>et</strong></span> <span class='ocrx_word' id='word_1_19' title='bbox 1538 822 1743 886; x_wconf 83' lang='lat' dir='ltr'><strong>super-</strong></span> 
     </span>
     <span class='ocr_line' id='line_1_5' title="bbox 195 904 1743 981; baseline -0.001 -16"><span class='ocrx_word' id='word_1_20' title='bbox 195 904 490 965; x_wconf 75' lang='lat' dir='ltr'>mirabilis</span> <span class='ocrx_word' id='word_1_21' title='bbox 513 905 821 965; x_wconf 78' lang='lat' dir='ltr'><strong>incolatus.</strong></span> <span class='ocrx_word' id='word_1_22' title='bbox 849 906 1028 978; x_wconf 82' lang='lat' dir='ltr'><strong>virgo</strong></span> <span class='ocrx_word' id='word_1_23' title='bbox 1056 908 1114 963; x_wconf 89' lang='lat' dir='ltr'><strong>et</strong></span> <span class='ocrx_word' id='word_1_24' title='bbox 1138 908 1327 963; x_wconf 88' lang='lat' dir='ltr'><strong>mater</strong></span> <span class='ocrx_word' id='word_1_25' title='bbox 1363 904 1543 964; x_wconf 68' lang='lat' dir='ltr'><strong>Baria</strong></span> <span class='ocrx_word' id='word_1_26' title='bbox 1561 946 1579 973; x_wconf 88' lang='lat'><strong>,</strong></span> <span class='ocrx_word' id='word_1_27' title='bbox 1607 921 1743 981; x_wconf 73' lang='lat' dir='ltr'><strong>qum</strong></span> 
     </span>
     <span class='ocr_line' id='line_1_6' title="bbox 195 998 1743 1075; baseline 0 -18"><span class='ocrx_word' id='word_1_28' title='bbox 195 1016 379 1075; x_wconf 84' lang='lat' dir='ltr'><strong>super</strong></span> <span class='ocrx_word' id='word_1_29' title='bbox 405 1015 612 1058; x_wconf 88' lang='lat' dir='ltr'><strong>omnes</strong></span> <span class='ocrx_word' id='word_1_30' title='bbox 638 999 885 1073; x_wconf 80' lang='lat' dir='ltr'><strong>angelos</strong></span> <span class='ocrx_word' id='word_1_31' title='bbox 907 1003 996 1058; x_wconf 84' lang='lat' dir='ltr'><strong>est</strong></span> <span class='ocrx_word' id='word_1_32' title='bbox 1019 998 1295 1071; x_wconf 88' lang='lat' dir='ltr'><strong>exaltata,</strong></span> <span class='ocrx_word' id='word_1_33' title='bbox 1324 1015 1510 1074; x_wconf 88' lang='lat' dir='ltr'><strong>quam</strong></span> <span class='ocrx_word' id='word_1_34' title='bbox 1545 1000 1743 1058; x_wconf 88' lang='lat' dir='ltr'><strong>Domi·</strong></span> 
     </span>
     <span class='ocr_line' id='line_1_7' title="bbox 193 1092 1745 1168; baseline 0.001 -18"><span class='ocrx_word' id='word_1_35' title='bbox 193 1108 309 1150; x_wconf 91' lang='lat' dir='ltr'><strong>nus</strong></span> <span class='ocrx_word' id='word_1_36' title='bbox 345 1092 523 1167; x_wconf 90' lang='lat' dir='ltr'><strong>elegit</strong></span> <span class='ocrx_word' id='word_1_37' title='bbox 563 1094 625 1150; x_wconf 90' lang='lat' dir='ltr'><strong>in</strong></span> <span class='ocrx_word' id='word_1_38' title='bbox 663 1092 1092 1153; x_wconf 79' lang='lat' dir='ltr'><strong>habitationem</strong></span> <span class='ocrx_word' id='word_1_39' title='bbox 1132 1092 1247 1151; x_wconf 89' lang='lat' dir='ltr'><strong>sibi</strong></span> <span class='ocrx_word' id='word_1_40' title='bbox 1259 1134 1281 1164; x_wconf 95' lang='lat'><strong>,</strong></span> <span class='ocrx_word' id='word_1_41' title='bbox 1319 1108 1501 1168; x_wconf 87' lang='lat' dir='ltr'><strong>super</strong></span> <span class='ocrx_word' id='word_1_42' title='bbox 1535 1109 1745 1153; x_wconf 89' lang='lat' dir='ltr'><strong>omnes</strong></span> 
     </span>
     <span class='ocr_line' id='line_1_8' title="bbox 192 1185 1745 1260; baseline -0.001 -16"><span class='ocrx_word' id='word_1_43' title='bbox 192 1185 426 1246; x_wconf 88' lang='lat' dir='ltr'><strong>habitat</strong></span> <span class='ocrx_word' id='word_1_44' title='bbox 448 1186 790 1245; x_wconf 85' lang='lat' dir='ltr'><strong>eminenter.</strong></span> <span class='ocrx_word' id='word_1_45' title='bbox 815 1185 1002 1260; x_wconf 78' lang='lat' dir='ltr'><strong>Elegit</strong></span> <span class='ocrx_word' id='word_1_46' title='bbox 1025 1195 1201 1258; x_wconf 69' lang='lat' dir='ltr'><strong>eam,</strong></span> <span class='ocrx_word' id='word_1_47' title='bbox 1221 1189 1280 1245; x_wconf 91' lang='lat' dir='ltr'><strong>et</strong></span> <span class='ocrx_word' id='word_1_48' title='bbox 1310 1187 1579 1246; x_wconf 88' lang='lat' dir='ltr'><strong>habitare</strong></span> <span class='ocrx_word' id='word_1_49' title='bbox 1604 1186 1745 1245; x_wconf 80' lang='lat' dir='ltr'><strong>fecit</strong></span> 
     </span>
     <span class='ocr_line' id='line_1_9' title="bbox 194 1279 1745 1355; baseline 0 -16"><span class='ocrx_word' id='word_1_50' title='bbox 194 1297 332 1339; x_wconf 87' lang='lat' dir='ltr'><strong>eam</strong></span> <span class='ocrx_word' id='word_1_51' title='bbox 375 1280 439 1338; x_wconf 92' lang='lat' dir='ltr'><strong>in</strong></span> <span class='ocrx_word' id='word_1_52' title='bbox 479 1279 863 1339; x_wconf 87' lang='lat' dir='ltr'><strong>tabernaculo</strong></span> <span class='ocrx_word' id='word_1_53' title='bbox 910 1295 1042 1339; x_wconf 76' lang='lat' dir='ltr'><strong>suo,</strong></span> <span class='ocrx_word' id='word_1_54' title='bbox 1088 1283 1157 1338; x_wconf 90' lang='lat' dir='ltr'><strong>Et</strong></span> <span class='ocrx_word' id='word_1_55' title='bbox 1199 1281 1345 1355; x_wconf 87' lang='lat' dir='ltr'><strong>quia</strong></span> <span class='ocrx_word' id='word_1_56' title='bbox 1377 1280 1595 1340; x_wconf 91' lang='lat' dir='ltr'><strong>domus</strong></span> <span class='ocrx_word' id='word_1_57' title='bbox 1620 1281 1745 1340; x_wconf 82' lang='lat' dir='ltr'><strong>haec</strong></span> 
     </span>
     <span class='ocr_line' id='line_1_10' title="bbox 192 1373 1741 1450; baseline -0.001 -17"><span class='ocrx_word' id='word_1_58' title='bbox 192 1378 442 1450; x_wconf 87' lang='lat' dir='ltr'><strong>propter</strong></span> <span class='ocrx_word' id='word_1_59' title='bbox 465 1374 868 1433; x_wconf 84' lang='lat' dir='ltr'><strong>habitatorum</strong></span> <span class='ocrx_word' id='word_1_60' title='bbox 894 1373 1134 1449; x_wconf 89' lang='lat' dir='ltr'><strong>copiam</strong></span> <span class='ocrx_word' id='word_1_61' title='bbox 1160 1389 1284 1433; x_wconf 92' lang='lat' dir='ltr'><strong>non</strong></span> <span class='ocrx_word' id='word_1_62' title='bbox 1311 1377 1657 1448; x_wconf 80' lang='lat' dir='ltr'><strong>angustatur</strong></span> <span class='ocrx_word' id='word_1_63' title='bbox 1677 1375 1698 1409; x_wconf 91' lang='lat'>¹</span> <span class='ocrx_word' id='word_1_64' title='bbox 1726 1394 1741 1433; x_wconf 75' lang='grc' dir='ltr'><strong><em>ε</em></strong></span> 
     </span>
     <span class='ocr_line' id='line_1_11' title="bbox 201 1467 1745 1543; baseline 0.003 -21"><span class='ocrx_word' id='word_1_65' title='bbox 201 1488 231 1522; x_wconf 75' lang='grc' dir='ltr'><strong>α</strong></span> <span class='ocrx_word' id='word_1_66' title='bbox 257 1470 304 1527; x_wconf 91' lang='grc' dir='ltr'>Ο</span> <span class='ocrx_word' id='word_1_67' title='bbox 331 1468 536 1541; x_wconf 88' lang='lat' dir='ltr'><strong>lsrael,</strong></span> <span class='ocrx_word' id='word_1_68' title='bbox 567 1483 752 1543; x_wconf 87' lang='lat' dir='ltr'><strong>quam</strong></span> <span class='ocrx_word' id='word_1_69' title='bbox 778 1483 1002 1541; x_wconf 90' lang='lat' dir='ltr'><strong>magna</strong></span> <span class='ocrx_word' id='word_1_70' title='bbox 1027 1470 1115 1526; x_wconf 88' lang='lat' dir='ltr'><strong>est</strong></span> <span class='ocrx_word' id='word_1_71' title='bbox 1139 1467 1356 1526; x_wconf 88' lang='lat' dir='ltr'><strong>domus</strong></span> <span class='ocrx_word' id='word_1_72' title='bbox 1394 1467 1496 1526; x_wconf 89' lang='lat' dir='ltr'><strong>Dei</strong></span> <span class='ocrx_word' id='word_1_73' title='bbox 1529 1487 1543 1525; x_wconf 73' lang='grc' dir='ltr'><strong><em>ε</em></strong></span> <span class='ocrx_word' id='word_1_74' title='bbox 1577 1489 1605 1521; x_wconf 85' lang='lat'>»</span> <span class='ocrx_word' id='word_1_75' title='bbox 1637 1468 1745 1527; x_wconf 88' lang='lat' dir='ltr'><strong>ha-</strong></span> 
     </span>
     <span class='ocr_line' id='line_1_12' title="bbox 194 1560 1743 1636; baseline 0.001 -17"><span class='ocrx_word' id='word_1_76' title='bbox 194 1561 482 1620; x_wconf 88' lang='lat' dir='ltr'><strong>bitatores</strong></span> <span class='ocrx_word' id='word_1_77' title='bbox 514 1560 795 1636; x_wconf 81' lang='lat' dir='ltr'><strong>requirit,</strong></span> <span class='ocrx_word' id='word_1_78' title='bbox 834 1560 1028 1620; x_wconf 91' lang='lat' dir='ltr'><strong>donec</strong></span> <span class='ocrx_word' id='word_1_79' title='bbox 1068 1561 1402 1636; x_wconf 84' lang='lat' dir='ltr'><strong>impleatur.</strong></span> <span class='ocrx_word' id='word_1_80' title='bbox 1439 1562 1462 1597; x_wconf 81' lang='lat'>²</span> <span class='ocrx_word' id='word_1_81' title='bbox 1502 1582 1532 1616; x_wconf 75' lang='grc' dir='ltr'><strong>α</strong></span> <span class='ocrx_word' id='word_1_82' title='bbox 1567 1563 1743 1619; x_wconf 87' lang='lat' dir='ltr'><strong>Com-</strong></span> 
     </span>
     <span class='ocr_line' id='line_1_13' title="bbox 193 1654 1745 1731; baseline -0.001 -17"><span class='ocrx_word' id='word_1_83' title='bbox 193 1654 355 1730; x_wconf 90' lang='lat' dir='ltr'><strong>pelle</strong></span> <span class='ocrx_word' id='word_1_84' title='bbox 377 1655 627 1726; x_wconf 86' lang='lat' dir='ltr'><strong>intrare,</strong></span> <span class='ocrx_word' id='word_1_85' title='bbox 651 1660 719 1714; x_wconf 89' lang='lat' dir='ltr'><strong>ut</strong></span> <span class='ocrx_word' id='word_1_86' title='bbox 743 1655 1061 1731; x_wconf 86' lang='lat' dir='ltr'><strong>impleatur</strong></span> <span class='ocrx_word' id='word_1_87' title='bbox 1088 1655 1306 1714; x_wconf 86' lang='lat' dir='ltr'><strong>domus</strong></span> <span class='ocrx_word' id='word_1_88' title='bbox 1330 1671 1485 1714; x_wconf 91' lang='lat' dir='ltr'><strong>mea.</strong></span> <span class='ocrx_word' id='word_1_89' title='bbox 1516 1676 1549 1712; x_wconf 62' lang='lat' dir='ltr'><strong><em>n</em></strong></span> <span class='ocrx_word' id='word_1_90' title='bbox 1581 1655 1745 1725; x_wconf 88' lang='lat' dir='ltr'><strong>ldeo,</strong></span> 
     </span>
     <span class='ocr_line' id='line_1_14' title="bbox 195 1749 1748 1824; baseline 0 -16"><span class='ocrx_word' id='word_1_91' title='bbox 195 1749 335 1808; x_wconf 90' lang='lat' dir='ltr'><strong>licet</strong></span> <span class='ocrx_word' id='word_1_92' title='bbox 355 1765 566 1808; x_wconf 85' lang='lat' dir='ltr'><strong>omnes</strong></span> <span class='ocrx_word' id='word_1_93' title='bbox 582 1752 923 1808; x_wconf 88' lang='lat' dir='ltr'><strong>sanctorum</strong></span> <span class='ocrx_word' id='word_1_94' title='bbox 951 1753 1134 1807; x_wconf 88' lang='lat' dir='ltr'><strong>status</strong></span> <span class='ocrx_word' id='word_1_95' title='bbox 1164 1749 1465 1824; x_wconf 83' lang='lat' dir='ltr'><strong>disparem</strong></span> <span class='ocrx_word' id='word_1_96' title='bbox 1489 1750 1748 1809; x_wconf 82' lang='lat' dir='ltr'><strong>habeant</strong></span> 
     </span>
     <span class='ocr_line' id='line_1_15' title="bbox 197 1842 1746 1918; baseline 0 -17"><span class='ocrx_word' id='word_1_97' title='bbox 197 1842 559 1914; x_wconf 81' lang='lat' dir='ltr'><strong>claritatem,</strong></span> <span class='ocrx_word' id='word_1_98' title='bbox 608 1847 808 1902; x_wconf 87' lang='lat' dir='ltr'><strong>tamen</strong></span> <span class='ocrx_word' id='word_1_99' title='bbox 858 1858 1067 1918; x_wconf 87' lang='lat' dir='ltr'><strong>parem</strong></span> <span class='ocrx_word' id='word_1_100' title='bbox 1130 1842 1354 1901; x_wconf 86' lang='lat' dir='ltr'><strong>habent</strong></span> <span class='ocrx_word' id='word_1_101' title='bbox 1413 1842 1746 1915; x_wconf 84' lang='lat' dir='ltr'><strong>jncundita-</strong></span> 
     </span>
     <span class='ocr_line' id='line_1_16' title="bbox 198 1936 1743 2011; baseline 0 -16"><span class='ocrx_word' id='word_1_102' title='bbox 198 1941 340 2008; x_wconf 87' lang='lat' dir='ltr'><strong>tem,</strong></span> <span class='ocrx_word' id='word_1_103' title='bbox 371 1937 516 2011; x_wconf 87' lang='lat' dir='ltr'><strong>quia</strong></span> <span class='ocrx_word' id='word_1_104' title='bbox 537 1936 824 2010; x_wconf 85' lang='lat' dir='ltr'><strong>gaudium</strong></span> <span class='ocrx_word' id='word_1_105' title='bbox 853 1937 1030 1994; x_wconf 90' lang='lat' dir='ltr'><strong>unius</strong></span> <span class='ocrx_word' id='word_1_106' title='bbox 1057 1939 1144 1995; x_wconf 90' lang='lat' dir='ltr'><strong>est</strong></span> <span class='ocrx_word' id='word_1_107' title='bbox 1169 1936 1458 2010; x_wconf 89' lang='lat' dir='ltr'><strong>gaudium</strong></span> <span class='ocrx_word' id='word_1_108' title='bbox 1486 1936 1743 1995; x_wconf 85' lang='lat' dir='ltr'><strong>alterius.</strong></span> 
     </span>
     <span class='ocr_line' id='line_1_17' title="bbox 200 2028 1749 2090; baseline 0.001 -5"><span class='ocrx_word' id='word_1_109' title='bbox 200 2033 225 2069; x_wconf 81' lang='lat'>⁸</span> <span class='ocrx_word' id='word_1_110' title='bbox 268 2051 298 2085; x_wconf 75' lang='grc' dir='ltr'><strong>α</strong></span> <span class='ocrx_word' id='word_1_111' title='bbox 342 2030 503 2090; x_wconf 89' lang='lat' dir='ltr'><strong>Sicut</strong></span> <span class='ocrx_word' id='word_1_112' title='bbox 536 2029 859 2089; x_wconf 76' lang='lat' dir='ltr'><strong>laetantium</strong></span> <span class='ocrx_word' id='word_1_113' title='bbox 912 2029 1182 2089; x_wconf 89' lang='lat' dir='ltr'><strong>omniurn</strong></span> <span class='ocrx_word' id='word_1_114' title='bbox 1220 2029 1507 2088; x_wconf 87' lang='lat' dir='ltr'><strong>habitatio</strong></span> <span class='ocrx_word' id='word_1_115' title='bbox 1553 2033 1640 2088; x_wconf 88' lang='lat' dir='ltr'><strong>est</strong></span> <span class='ocrx_word' id='word_1_116' title='bbox 1685 2028 1749 2087; x_wconf 95' lang='lat' dir='ltr'><strong>in</strong></span> 
     </span>
     <span class='ocr_line' id='line_1_18' title="bbox 202 2120 1750 2198; baseline -0.001 -16"><span class='ocrx_word' id='word_1_117' title='bbox 202 2126 278 2182; x_wconf 89' lang='lat' dir='ltr'><strong>te.</strong></span> <span class='ocrx_word' id='word_1_118' title='bbox 300 2146 328 2177; x_wconf 66' lang='grc' dir='ltr'><strong>η</strong></span> <span class='ocrx_word' id='word_1_119' title='bbox 355 2128 424 2182; x_wconf 81' lang='lat' dir='ltr'><strong>Et</strong></span> <span class='ocrx_word' id='word_1_120' title='bbox 443 2125 655 2182; x_wconf 90' lang='lat' dir='ltr'><strong>iterum</strong></span> <span class='ocrx_word' id='word_1_121' title='bbox 672 2120 730 2180; x_wconf 74' lang='lat'><strong>⁸:</strong></span> <span class='ocrx_word' id='word_1_122' title='bbox 760 2144 790 2178; x_wconf 76' lang='grc' dir='ltr'><strong>α</strong></span> <span class='ocrx_word' id='word_1_123' title='bbox 817 2127 960 2182; x_wconf 81' lang='lat' dir='ltr'><strong>Ecce</strong></span> <span class='ocrx_word' id='word_1_124' title='bbox 991 2139 1177 2198; x_wconf 88' lang='lat' dir='ltr'><strong>quam</strong></span> <span class='ocrx_word' id='word_1_125' title='bbox 1205 2125 1456 2195; x_wconf 91' lang='lat' dir='ltr'><strong>bonum,</strong></span> <span class='ocrx_word' id='word_1_126' title='bbox 1486 2127 1545 2182; x_wconf 93' lang='lat' dir='ltr'><strong>et</strong></span> <span class='ocrx_word' id='word_1_127' title='bbox 1563 2139 1750 2198; x_wconf 90' lang='lat' dir='ltr'><strong>quam</strong></span> 
     </span>
     <span class='ocr_line' id='line_1_19' title="bbox 193 2217 1751 2292; baseline 0 -17"><span class='ocrx_word' id='word_1_128' title='bbox 193 2217 532 2292; x_wconf 89' lang='lat' dir='ltr'><strong>jucundum</strong></span> <span class='ocrx_word' id='word_1_129' title='bbox 569 2217 837 2276; x_wconf 85' lang='lat' dir='ltr'><strong>habitare</strong></span> <span class='ocrx_word' id='word_1_130' title='bbox 874 2217 1081 2276; x_wconf 84' lang='lat' dir='ltr'><strong>fratres</strong></span> <span class='ocrx_word' id='word_1_131' title='bbox 1115 2217 1179 2275; x_wconf 92' lang='lat' dir='ltr'><strong>in</strong></span> <span class='ocrx_word' id='word_1_132' title='bbox 1216 2232 1427 2275; x_wconf 89' lang='lat' dir='ltr'><strong>unum.</strong></span> <span class='ocrx_word' id='word_1_133' title='bbox 1471 2237 1500 2272; x_wconf 63' lang='lat' dir='ltr'><em>w</em></span> <span class='ocrx_word' id='word_1_134' title='bbox 1534 2218 1751 2276; x_wconf 82' lang='lat' dir='ltr'><strong>Omnes</strong></span> 
     </span>
     <span class='ocr_line' id='line_1_20' title="bbox 200 2309 1750 2385; baseline 0 -16"><span class='ocrx_word' id='word_1_135' title='bbox 200 2309 362 2370; x_wconf 89' lang='lat' dir='ltr'><strong>enim</strong></span> <span class='ocrx_word' id='word_1_136' title='bbox 405 2312 625 2370; x_wconf 88' lang='lat' dir='ltr'><strong>unitate</strong></span> <span class='ocrx_word' id='word_1_137' title='bbox 659 2311 957 2370; x_wconf 88' lang='lat' dir='ltr'><strong>charitatis</strong></span> <span class='ocrx_word' id='word_1_138' title='bbox 982 2311 1324 2385; x_wconf 88' lang='lat' dir='ltr'><strong>congregati</strong></span> <span class='ocrx_word' id='word_1_139' title='bbox 1349 2314 1514 2383; x_wconf 88' lang='lat' dir='ltr'><strong>sunt,</strong></span> <span class='ocrx_word' id='word_1_140' title='bbox 1546 2315 1602 2369; x_wconf 89' lang='lat' dir='ltr'><strong>et</strong></span> <span class='ocrx_word' id='word_1_141' title='bbox 1624 2327 1750 2369; x_wconf 89' lang='lat' dir='ltr'><strong>om·</strong></span> 
     </span>
     <span class='ocr_line' id='line_1_21' title="bbox 197 2404 1742 2465; baseline 0.001 -2"><span class='ocrx_word' id='word_1_142' title='bbox 197 2421 306 2464; x_wconf 91' lang='lat' dir='ltr'><strong>nes</strong></span> <span class='ocrx_word' id='word_1_143' title='bbox 338 2405 557 2465; x_wconf 81' lang='lat' dir='ltr'><strong>nostris</strong></span> <span class='ocrx_word' id='word_1_144' title='bbox 581 2406 833 2463; x_wconf 86' lang='lat' dir='ltr'><strong>miseriis</strong></span> <span class='ocrx_word' id='word_1_145' title='bbox 868 2404 1373 2464; x_wconf 85' lang='lat' dir='ltr'><strong>condescendunt.</strong></span> <span class='ocrx_word' id='word_1_146' title='bbox 1413 2408 1479 2464; x_wconf 92' lang='lat' dir='ltr'><strong>Et</strong></span> <span class='ocrx_word' id='word_1_147' title='bbox 1511 2404 1650 2464; x_wconf 90' lang='lat' dir='ltr'><strong>ideo</strong></span> <span class='ocrx_word' id='word_1_148' title='bbox 1680 2407 1742 2464; x_wconf 73' lang='lat'><strong>⁸:</strong></span> 
     </span>
     <span class='ocr_line' id='line_1_22' title="bbox 207 2498 1750 2574; baseline 0.003 -21"><span class='ocrx_word' id='word_1_149' title='bbox 207 2517 236 2553; x_wconf 71' lang='grc' dir='ltr'>ι</span> <span class='ocrx_word' id='word_1_150' title='bbox 275 2499 434 2558; x_wconf 84' lang='lat' dir='ltr'><strong>Beati</strong></span> <span class='ocrx_word' id='word_1_151' title='bbox 463 2498 908 2570; x_wconf 77' lang='lat' dir='ltr'><strong>misericordae,</strong></span> <span class='ocrx_word' id='word_1_152' title='bbox 947 2498 1236 2574; x_wconf 90' lang='lat' dir='ltr'><strong>quoniam</strong></span> <span class='ocrx_word' id='word_1_153' title='bbox 1279 2498 1750 2558; x_wconf 85' lang='lat' dir='ltr'><strong>misericordiam</strong></span> 
     </span>
     <span class='ocr_line' id='line_1_23' title="bbox 201 2592 1749 2667; baseline 0.001 -17"><span class='ocrx_word' id='word_1_154' title='bbox 201 2592 504 2651; x_wconf 84' lang='lat' dir='ltr'><strong>consecuti</strong></span> <span class='ocrx_word' id='word_1_155' title='bbox 540 2596 695 2651; x_wconf 89' lang='lat' dir='ltr'><strong>sunt.</strong></span> <span class='ocrx_word' id='word_1_156' title='bbox 738 2611 766 2647; x_wconf 68' lang='grc' dir='ltr'><strong>ι</strong></span> <span class='ocrx_word' id='word_1_157' title='bbox 798 2593 1184 2667; x_wconf 89' lang='lat' dir='ltr'><strong>Repelluntur</strong></span> <span class='ocrx_word' id='word_1_158' title='bbox 1222 2608 1368 2666; x_wconf 88' lang='lat' dir='ltr'><strong>ergo</strong></span> <span class='ocrx_word' id='word_1_159' title='bbox 1409 2593 1749 2667; x_wconf 90' lang='lat' dir='ltr'><strong>discordes,</strong></span> 
     </span>
     <span class='ocr_line' id='line_1_24' title="bbox 201 2688 1744 2764; baseline 0 -16"><span class='ocrx_word' id='word_1_160' title='bbox 201 2691 261 2747; x_wconf 91' lang='lat' dir='ltr'><strong>et</strong></span> <span class='ocrx_word' id='word_1_161' title='bbox 284 2688 429 2748; x_wconf 90' lang='lat' dir='ltr'><strong>odia</strong></span> <span class='ocrx_word' id='word_1_162' title='bbox 454 2689 853 2746; x_wconf 80' lang='lat' dir='ltr'><strong>reservantes⁸</strong></span> <span class='ocrx_word' id='word_1_163' title='bbox 884 2706 900 2746; x_wconf 90' lang='lat'>:</span> <span class='ocrx_word' id='word_1_164' title='bbox 936 2707 966 2741; x_wconf 73' lang='grc' dir='ltr'><strong>α</strong></span> <span class='ocrx_word' id='word_1_165' title='bbox 986 2688 1319 2763; x_wconf 85' lang='lat' dir='ltr'><strong>Nequibant</strong></span> <span class='ocrx_word' id='word_1_166' title='bbox 1346 2692 1613 2764; x_wconf 87' lang='lat' dir='ltr'><strong>pastores</strong></span> <span class='ocrx_word' id='word_1_167' title='bbox 1636 2690 1744 2749; x_wconf 90' lang='lat' dir='ltr'><strong>ha-</strong></span> 
     </span>
     <span class='ocr_line' id='line_1_25' title="bbox 200 2780 1748 2859; baseline 0.001 -19"><span class='ocrx_word' id='word_1_168' title='bbox 200 2782 392 2840; x_wconf 87' lang='lat' dir='ltr'><strong>bitare</strong></span> <span class='ocrx_word' id='word_1_169' title='bbox 424 2780 816 2840; x_wconf 89' lang='lat' dir='ltr'><strong>communiter</strong></span> <span class='ocrx_word' id='word_1_170' title='bbox 843 2782 1142 2841; x_wconf 77' lang='lat' dir='ltr'><strong>Abraham</strong></span> <span class='ocrx_word' id='word_1_171' title='bbox 1166 2786 1225 2840; x_wconf 93' lang='lat' dir='ltr'><strong>et</strong></span> <span class='ocrx_word' id='word_1_172' title='bbox 1251 2783 1417 2853; x_wconf 86' lang='lat' dir='ltr'><strong>Loth,</strong></span> <span class='ocrx_word' id='word_1_173' title='bbox 1444 2783 1591 2859; x_wconf 90' lang='lat' dir='ltr'><strong>quia</strong></span> <span class='ocrx_word' id='word_1_174' title='bbox 1617 2784 1748 2843; x_wconf 88' lang='lat' dir='ltr'><strong>rixa</strong></span> 
     </span>
     <span class='ocr_line' id='line_1_26' title="bbox 200 2874 1750 2949; baseline 0.003 -16"><span class='ocrx_word' id='word_1_175' title='bbox 200 2874 358 2934; x_wconf 75' lang='lat' dir='ltr'><strong>facta</strong></span> <span class='ocrx_word' id='word_1_176' title='bbox 397 2878 484 2933; x_wconf 84' lang='lat' dir='ltr'><strong>est</strong></span> <span class='ocrx_word' id='word_1_177' title='bbox 523 2876 676 2933; x_wconf 89' lang='lat' dir='ltr'><strong>inter</strong></span> <span class='ocrx_word' id='word_1_178' title='bbox 715 2890 839 2934; x_wconf 84' lang='lat' dir='ltr'><strong>eos.</strong></span> <span class='ocrx_word' id='word_1_179' title='bbox 877 2895 907 2930; x_wconf 72' lang='grc' dir='ltr'><strong>ι»</strong></span> <span class='ocrx_word' id='word_1_180' title='bbox 942 2877 1144 2934; x_wconf 87' lang='lat' dir='ltr'><strong>Patent</strong></span> <span class='ocrx_word' id='word_1_181' title='bbox 1188 2892 1333 2949; x_wconf 87' lang='lat' dir='ltr'><strong>ergo</strong></span> <span class='ocrx_word' id='word_1_182' title='bbox 1374 2876 1750 2937; x_wconf 88' lang='lat' dir='ltr'><strong>conditiones</strong></span> 
     </span>
     <span class='ocr_line' id='line_1_27' title="bbox 203 2968 1752 3046; baseline 0.003 -19"><span class='ocrx_word' id='word_1_183' title='bbox 203 2970 456 3042; x_wconf 88' lang='lat' dir='ltr'><strong>domus,</strong></span> <span class='ocrx_word' id='word_1_184' title='bbox 488 2974 546 3028; x_wconf 90' lang='lat' dir='ltr'><strong>et</strong></span> <span class='ocrx_word' id='word_1_185' title='bbox 565 2968 961 3027; x_wconf 89' lang='lat' dir='ltr'><strong>habitantium</strong></span> <span class='ocrx_word' id='word_1_186' title='bbox 985 2973 1203 3041; x_wconf 87' lang='lat' dir='ltr'><strong>status,</strong></span> <span class='ocrx_word' id='word_1_187' title='bbox 1234 2975 1293 3029; x_wconf 90' lang='lat' dir='ltr'><strong>et</strong></span> <span class='ocrx_word' id='word_1_188' title='bbox 1313 2970 1539 3031; x_wconf 85' lang='lat' dir='ltr'><strong>fructus</strong></span> <span class='ocrx_word' id='word_1_189' title='bbox 1554 3014 1573 3046; x_wconf 91' lang='lat'><strong>,</strong></span> <span class='ocrx_word' id='word_1_190' title='bbox 1612 2988 1752 3032; x_wconf 88' lang='lat' dir='ltr'><strong>cum</strong></span> 
     </span>
     <span class='ocr_line' id='line_1_28' title="bbox 201 3064 1215 3140; baseline 0.003 -17"><span class='ocrx_word' id='word_1_191' title='bbox 201 3064 416 3124; x_wconf 87' lang='lat' dir='ltr'><strong>dicitur</strong></span> <span class='ocrx_word' id='word_1_192' title='bbox 447 3083 463 3124; x_wconf 71' lang='grc' dir='ltr'><strong>ε</strong></span> <span class='ocrx_word' id='word_1_193' title='bbox 493 3068 653 3124; x_wconf 77' lang='lat' dir='ltr'><strong>Beati</strong></span> <span class='ocrx_word' id='word_1_194' title='bbox 676 3069 776 3140; x_wconf 76' lang='lat' dir='ltr'><strong>qui</strong></span> <span class='ocrx_word' id='word_1_195' title='bbox 796 3067 1073 3139; x_wconf 76' lang='lat' dir='ltr'><strong>habitant,</strong></span> <span class='ocrx_word' id='word_1_196' title='bbox 1104 3069 1215 3127; x_wconf 89' lang='lat' dir='ltr'><strong>etc.</strong></span> 
     </span>
    </p>
   </div>
   <div class='ocr_carea' id='block_1_3' title="bbox 789 3222 1173 3289">
    <p class='ocr_par' dir='ltr' id='par_1_4' title="bbox 789 3222 1173 3289">
     <span class='ocr_line' id='line_1_29' title="bbox 789 3222 1173 3289; baseline -0.01 -1"><span class='ocrx_word' id='word_1_197' title='bbox 789 3222 1052 3289; x_wconf 84' lang='lat' dir='ltr'>SERMO</span> <span class='ocrx_word' id='word_1_198' title='bbox 1096 3226 1173 3288; x_wconf 92' lang='lat'><strong>11.</strong></span> 
     </span>
    </p>
   </div>
   <div class='ocr_carea' id='block_1_4' title="bbox 191 3349 1752 5344">
    <p class='ocr_par' dir='ltr' id='par_1_5' title="bbox 191 3349 1752 5018">
     <span class='ocr_line' id='line_1_30' title="bbox 268 3349 1752 3421; baseline 0.001 -14"><span class='ocrx_word' id='word_1_199' title='bbox 268 3351 462 3421; x_wconf 76' lang='lat' dir='ltr'><strong>Beati,</strong></span> <span class='ocrx_word' id='word_1_200' title='bbox 502 3351 604 3421; x_wconf 63' lang='lat' dir='ltr'><strong>qui</strong></span> <span class='ocrx_word' id='word_1_201' title='bbox 638 3349 891 3406; x_wconf 76' lang='lat' dir='ltr'><strong>habitant</strong></span> <span class='ocrx_word' id='word_1_202' title='bbox 935 3351 998 3405; x_wconf 76' lang='lat' dir='ltr'><strong>in</strong></span> <span class='ocrx_word' id='word_1_203' title='bbox 1041 3349 1196 3406; x_wconf 81' lang='lat' dir='ltr'><strong>domo</strong></span> <span class='ocrx_word' id='word_1_204' title='bbox 1224 3353 1355 3421; x_wconf 72' lang='lat' dir='ltr'><strong>ma,</strong></span> <span class='ocrx_word' id='word_1_205' title='bbox 1388 3352 1610 3408; x_wconf 77' lang='lat' dir='ltr'><strong>Domine</strong></span> <span class='ocrx_word' id='word_1_206' title='bbox 1641 3369 1660 3407; x_wconf 74' lang='grc' dir='ltr'><strong><em>ε</em></strong></span> <span class='ocrx_word' id='word_1_207' title='bbox 1689 3353 1752 3409; x_wconf 79' lang='lat' dir='ltr'><strong>in</strong></span> 
     </span>
     <span class='ocr_line' id='line_1_31' title="bbox 195 3443 1751 3503; baseline 0.001 -2"><span class='ocrx_word' id='word_1_208' title='bbox 195 3445 395 3501; x_wconf 65' lang='lat' dir='ltr'><strong>sucula</strong></span> <span class='ocrx_word' id='word_1_209' title='bbox 441 3444 758 3501; x_wconf 62' lang='lat' dir='ltr'><strong>saeculorum·</strong></span> <span class='ocrx_word' id='word_1_210' title='bbox 811 3443 1113 3500; x_wconf 72' lang='lat' dir='ltr'><strong>laudabunt</strong></span> <span class='ocrx_word' id='word_1_211' title='bbox 1155 3448 1209 3500; x_wconf 81' lang='lat' dir='ltr'><strong>te</strong></span> <span class='ocrx_word' id='word_1_212' title='bbox 1257 3444 1300 3500; x_wconf 88' lang='lat'><strong>⁷.</strong></span> <span class='ocrx_word' id='word_1_213' title='bbox 1357 3443 1751 3503; x_wconf 82' lang='lat' dir='ltr'><strong>considerans</strong></span> 
     </span>
     <span class='ocr_line' id='line_1_32' title="bbox 195 3535 1747 3611; baseline 0.002 -16"><span class='ocrx_word' id='word_1_214' title='bbox 195 3536 383 3595; x_wconf 84' lang='lat' dir='ltr'><strong>David</strong></span> <span class='ocrx_word' id='word_1_215' title='bbox 408 3536 842 3595; x_wconf 88' lang='lat' dir='ltr'><strong>solemnitatem</strong></span> <span class='ocrx_word' id='word_1_216' title='bbox 870 3535 1092 3594; x_wconf 83' lang='lat' dir='ltr'><strong>civium</strong></span> <span class='ocrx_word' id='word_1_217' title='bbox 1116 3551 1511 3611; x_wconf 88' lang='lat' dir='ltr'><strong>supernorum</strong></span> <span class='ocrx_word' id='word_1_218' title='bbox 1530 3580 1548 3609; x_wconf 95' lang='lat'><strong>,</strong></span> <span class='ocrx_word' id='word_1_219' title='bbox 1577 3539 1660 3596; x_wconf 86' lang='lat' dir='ltr'><strong>ait</strong></span> <span class='ocrx_word' id='word_1_220' title='bbox 1680 3540 1704 3577; x_wconf 84' lang='lat'>⁸</span> <span class='ocrx_word' id='word_1_221' title='bbox 1732 3559 1747 3598; x_wconf 74' lang='grc' dir='ltr'><strong><em>ε</em></strong></span> 
     </span>
     <span class='ocr_line' id='line_1_33' title="bbox 204 3628 1749 3692; baseline 0.005 -7"><span class='ocrx_word' id='word_1_222' title='bbox 204 3649 233 3685; x_wconf 76' lang='grc' dir='ltr'><strong>α</strong></span> <span class='ocrx_word' id='word_1_223' title='bbox 251 3630 547 3688; x_wconf 79' lang='lat' dir='ltr'><strong>Eructavit</strong></span> <span class='ocrx_word' id='word_1_224' title='bbox 572 3644 678 3688; x_wconf 88' lang='lat' dir='ltr'><strong>cor</strong></span> <span class='ocrx_word' id='word_1_225' title='bbox 704 3646 908 3688; x_wconf 89' lang='lat' dir='ltr'><strong>meum</strong></span> <span class='ocrx_word' id='word_1_226' title='bbox 961 3628 1210 3688; x_wconf 79' lang='lat' dir='ltr'><strong>verbum</strong></span> <span class='ocrx_word' id='word_1_227' title='bbox 1255 3628 1506 3689; x_wconf 90' lang='lat' dir='ltr'><strong>bonum.</strong></span> <span class='ocrx_word' id='word_1_228' title='bbox 1536 3652 1566 3686; x_wconf 66' lang='lat' dir='ltr'>n</span> <span class='ocrx_word' id='word_1_229' title='bbox 1610 3632 1749 3692; x_wconf 87' lang='lat' dir='ltr'><strong>Dico</strong></span> 
     </span>
     <span class='ocr_line' id='line_1_34' title="bbox 199 3723 1751 3798; baseline 0.001 -16"><span class='ocrx_word' id='word_1_230' title='bbox 199 3739 345 3798; x_wconf 88' lang='lat' dir='ltr'><strong>ergo</strong></span> <span class='ocrx_word' id='word_1_231' title='bbox 368 3741 384 3781; x_wconf 75' lang='lat' dir='ltr'><strong><em>z</em></strong></span> <span class='ocrx_word' id='word_1_232' title='bbox 405 3725 566 3781; x_wconf 72' lang='lat' dir='ltr'><strong>Beati</strong></span> <span class='ocrx_word' id='word_1_233' title='bbox 586 3725 686 3795; x_wconf 77' lang='lat' dir='ltr'><strong>qui</strong></span> <span class='ocrx_word' id='word_1_234' title='bbox 711 3724 985 3791; x_wconf 71' lang='lat' dir='ltr'><strong>habitant,</strong></span> <span class='ocrx_word' id='word_1_235' title='bbox 1017 3727 1125 3782; x_wconf 90' lang='lat' dir='ltr'><strong>etc.</strong></span> <span class='ocrx_word' id='word_1_236' title='bbox 1147 3725 1216 3781; x_wconf 86' lang='lat' dir='ltr'><strong>Et</strong></span> <span class='ocrx_word' id='word_1_237' title='bbox 1240 3723 1432 3781; x_wconf 91' lang='lat' dir='ltr'><strong>innuit</strong></span> <span class='ocrx_word' id='word_1_238' title='bbox 1456 3725 1587 3795; x_wconf 90' lang='lat' dir='ltr'><strong>tria,</strong></span> <span class='ocrx_word' id='word_1_239' title='bbox 1616 3742 1751 3798; x_wconf 79' lang='lat' dir='ltr'><strong>quae</strong></span> 
     </span>
     <span class='ocr_line' id='line_1_35' title="bbox 194 3816 1748 3895; baseline 0.001 -19"><span class='ocrx_word' id='word_1_240' title='bbox 194 3816 423 3876; x_wconf 82' lang='lat' dir='ltr'><strong>faciunt</strong></span> <span class='ocrx_word' id='word_1_241' title='bbox 447 3816 529 3874; x_wconf 92' lang='lat' dir='ltr'><strong>ad</strong></span> <span class='ocrx_word' id='word_1_242' title='bbox 567 3817 918 3875; x_wconf 87' lang='lat' dir='ltr'><strong>Sanctorum</strong></span> <span class='ocrx_word' id='word_1_243' title='bbox 963 3816 1218 3890; x_wconf 86' lang='lat' dir='ltr'><strong>gloriam</strong></span> <span class='ocrx_word' id='word_1_244' title='bbox 1249 3835 1263 3875; x_wconf 92' lang='lat'><strong>:</strong></span> <span class='ocrx_word' id='word_1_245' title='bbox 1315 3833 1575 3892; x_wconf 90' lang='lat' dir='ltr'><strong>quorum</strong></span> <span class='ocrx_word' id='word_1_246' title='bbox 1625 3820 1748 3895; x_wconf 90' lang='lat' dir='ltr'><strong>pri·</strong></span> 
     </span>
     <span class='ocr_line' id='line_1_36' title="bbox 196 3909 1746 3986; baseline 0.002 -18"><span class='ocrx_word' id='word_1_247' title='bbox 196 3926 369 3969; x_wconf 89' lang='lat' dir='ltr'><strong>mum</strong></span> <span class='ocrx_word' id='word_1_248' title='bbox 429 3912 516 3968; x_wconf 78' lang='lat' dir='ltr'><strong>est</strong></span> <span class='ocrx_word' id='word_1_249' title='bbox 554 3909 917 3985; x_wconf 87' lang='lat' dir='ltr'><strong>stipendium</strong></span> <span class='ocrx_word' id='word_1_250' title='bbox 949 3910 1251 3986; x_wconf 72' lang='lat' dir='ltr'><strong>praemiale</strong></span> <span class='ocrx_word' id='word_1_251' title='bbox 1291 3913 1350 3969; x_wconf 91' lang='lat' dir='ltr'><strong>et</strong></span> <span class='ocrx_word' id='word_1_252' title='bbox 1384 3910 1746 3986; x_wconf 89' lang='lat' dir='ltr'><strong>gloriosum,</strong></span> 
     </span>
     <span class='ocr_line' id='line_1_37' title="bbox 196 4002 1750 4078; baseline 0.002 -15"><span class='ocrx_word' id='word_1_253' title='bbox 196 4003 282 4063; x_wconf 89' lang='lat' dir='ltr'><strong>ibi</strong></span> <span class='ocrx_word' id='word_1_254' title='bbox 313 4023 328 4063; x_wconf 73' lang='grc' dir='ltr'><strong><em>ε</em></strong></span> <span class='ocrx_word' id='word_1_255' title='bbox 360 4005 520 4061; x_wconf 76' lang='lat' dir='ltr'><strong>Beati</strong></span> <span class='ocrx_word' id='word_1_256' title='bbox 530 4023 549 4073; x_wconf 82' lang='lat'><em>3</em></span> <span class='ocrx_word' id='word_1_257' title='bbox 583 4003 727 4078; x_wconf 90' lang='lat' dir='ltr'><strong>quia</strong></span> <span class='ocrx_word' id='word_1_258' title='bbox 754 4002 897 4061; x_wconf 91' lang='lat' dir='ltr'><strong>dicit</strong></span> <span class='ocrx_word' id='word_1_259' title='bbox 919 4003 1277 4077; x_wconf 81' lang='lat' dir='ltr'><strong>Augustinus</strong></span> <span class='ocrx_word' id='word_1_260' title='bbox 1295 4007 1319 4043; x_wconf 77' lang='lat'><em>⁰</em></span> <span class='ocrx_word' id='word_1_261' title='bbox 1341 4005 1548 4064; x_wconf 70' lang='lat' dir='ltr'><strong>:avita</strong></span> <span class='ocrx_word' id='word_1_262' title='bbox 1574 4006 1750 4066; x_wconf 90' lang='lat' dir='ltr'><strong>beata</strong></span> 
     </span>
     <span class='ocr_line' id='line_1_38' title="bbox 198 4097 1742 4174; baseline -0.001 -17"><span class='ocrx_word' id='word_1_263' title='bbox 198 4103 283 4157; x_wconf 87' lang='lat' dir='ltr'><strong>est</strong></span> <span class='ocrx_word' id='word_1_264' title='bbox 303 4098 651 4174; x_wconf 78' lang='lat' dir='ltr'><strong>proemium,</strong></span> <span class='ocrx_word' id='word_1_265' title='bbox 693 4098 864 4172; x_wconf 87' lang='lat' dir='ltr'><strong>cujus</strong></span> <span class='ocrx_word' id='word_1_266' title='bbox 900 4097 1294 4173; x_wconf 87' lang='lat' dir='ltr'><strong>promissione</strong></span> <span class='ocrx_word' id='word_1_267' title='bbox 1337 4100 1684 4173; x_wconf 89' lang='lat' dir='ltr'><strong>gaudemus.</strong></span> <span class='ocrx_word' id='word_1_268' title='bbox 1714 4124 1742 4156; x_wconf 85' lang='lat'>»</span> 
     </span>
     <span class='ocr_line' id='line_1_39' title="bbox 198 4191 1748 4267; baseline 0.001 -16"><span class='ocrx_word' id='word_1_269' title='bbox 198 4197 263 4252; x_wconf 83' lang='lat' dir='ltr'><strong>Et</strong></span> <span class='ocrx_word' id='word_1_270' title='bbox 286 4192 341 4251; x_wconf 87' lang='lat' dir='ltr'><strong>si</strong></span> <span class='ocrx_word' id='word_1_271' title='bbox 375 4192 707 4266; x_wconf 88' lang='lat' dir='ltr'><strong>gandemus</strong></span> <span class='ocrx_word' id='word_1_272' title='bbox 735 4208 841 4266; x_wconf 88' lang='lat' dir='ltr'><strong>spe</strong></span> <span class='ocrx_word' id='word_1_273' title='bbox 869 4191 945 4250; x_wconf 92' lang='lat' dir='ltr'><strong>de</strong></span> <span class='ocrx_word' id='word_1_274' title='bbox 967 4192 1384 4267; x_wconf 87' lang='lat' dir='ltr'><strong>promissione,</strong></span> <span class='ocrx_word' id='word_1_275' title='bbox 1411 4194 1600 4253; x_wconf 90' lang='lat' dir='ltr'><strong>multo</strong></span> <span class='ocrx_word' id='word_1_276' title='bbox 1622 4212 1748 4254; x_wconf 89' lang='lat' dir='ltr'><strong>ma-</strong></span> 
     </span>
     <span class='ocr_line' id='line_1_40' title="bbox 197 4285 1744 4361; baseline 0.003 -16"><span class='ocrx_word' id='word_1_277' title='bbox 197 4287 286 4360; x_wconf 89' lang='lat' dir='ltr'><strong>gis</strong></span> <span class='ocrx_word' id='word_1_278' title='bbox 341 4285 603 4360; x_wconf 86' lang='lat' dir='ltr'><strong>gaudent</strong></span> <span class='ocrx_word' id='word_1_279' title='bbox 653 4286 846 4345; x_wconf 84' lang='lat' dir='ltr'><strong>Sancti</strong></span> <span class='ocrx_word' id='word_1_280' title='bbox 900 4285 976 4344; x_wconf 90' lang='lat' dir='ltr'><strong>de</strong></span> <span class='ocrx_word' id='word_1_281' title='bbox 1018 4287 1411 4361; x_wconf 86' lang='lat' dir='ltr'><strong>possessione.</strong></span> <span class='ocrx_word' id='word_1_282' title='bbox 1455 4289 1617 4348; x_wconf 88' lang='lat' dir='ltr'><strong>Unde</strong></span> <span class='ocrx_word' id='word_1_283' title='bbox 1656 4289 1701 4327; x_wconf 82' lang='lat'><strong>¹⁰</strong></span> <span class='ocrx_word' id='word_1_284' title='bbox 1728 4310 1744 4349; x_wconf 76' lang='grc' dir='ltr'><strong><em>ε</em></strong></span> 
     </span>
     <span class='ocr_line' id='line_1_41' title="bbox 200 4379 1746 4459; baseline 0.006 -26"><span class='ocrx_word' id='word_1_285' title='bbox 200 4399 230 4433; x_wconf 70' lang='lat' dir='ltr'><strong>c</strong></span> <span class='ocrx_word' id='word_1_286' title='bbox 254 4383 467 4439; x_wconf 87' lang='lat' dir='ltr'><strong>Beatus</strong></span> <span class='ocrx_word' id='word_1_287' title='bbox 494 4394 557 4437; x_wconf 91' lang='lat' dir='ltr'><strong>es</strong></span> <span class='ocrx_word' id='word_1_288' title='bbox 581 4383 644 4437; x_wconf 92' lang='lat' dir='ltr'><strong>tu</strong></span> <span class='ocrx_word' id='word_1_289' title='bbox 661 4422 681 4451; x_wconf 94' lang='lat'><strong>,</strong></span> <span class='ocrx_word' id='word_1_290' title='bbox 710 4379 887 4438; x_wconf 87' lang='lat' dir='ltr'><strong>lsrael</strong></span> <span class='ocrx_word' id='word_1_291' title='bbox 915 4398 930 4438; x_wconf 72' lang='grc' dir='ltr'><strong>ε</strong></span> <span class='ocrx_word' id='word_1_292' title='bbox 961 4381 1095 4455; x_wconf 85' lang='lat' dir='ltr'><strong>quis</strong></span> <span class='ocrx_word' id='word_1_293' title='bbox 1121 4381 1329 4439; x_wconf 86' lang='lat' dir='ltr'><strong>similis</strong></span> <span class='ocrx_word' id='word_1_294' title='bbox 1356 4383 1473 4453; x_wconf 90' lang='lat' dir='ltr'><strong>tui,</strong></span> <span class='ocrx_word' id='word_1_295' title='bbox 1500 4384 1746 4459; x_wconf 89' lang='lat' dir='ltr'><strong>popule,</strong></span> 
     </span>
     <span class='ocr_line' id='line_1_42' title="bbox 196 4472 1748 4550; baseline 0.003 -19"><span class='ocrx_word' id='word_1_296' title='bbox 196 4474 300 4550; x_wconf 88' lang='lat' dir='ltr'><strong>qui</strong></span> <span class='ocrx_word' id='word_1_297' title='bbox 325 4473 573 4532; x_wconf 81' lang='lat' dir='ltr'><strong>salvaris</strong></span> <span class='ocrx_word' id='word_1_298' title='bbox 602 4472 677 4548; x_wconf 87' lang='lat' dir='ltr'><strong>(a)</strong></span> <span class='ocrx_word' id='word_1_299' title='bbox 703 4473 765 4531; x_wconf 91' lang='lat' dir='ltr'><strong>in</strong></span> <span class='ocrx_word' id='word_1_300' title='bbox 784 4474 1076 4533; x_wconf 73' lang='lat' dir='ltr'><strong>Domino?</strong></span> <span class='ocrx_word' id='word_1_301' title='bbox 1097 4495 1129 4531; x_wconf 69' lang='grc' dir='ltr'><strong>ιο</strong></span> <span class='ocrx_word' id='word_1_302' title='bbox 1166 4476 1505 4536; x_wconf 89' lang='lat' dir='ltr'><strong>Secundum</strong></span> <span class='ocrx_word' id='word_1_303' title='bbox 1531 4481 1617 4535; x_wconf 89' lang='lat' dir='ltr'><strong>est</strong></span> <span class='ocrx_word' id='word_1_304' title='bbox 1642 4478 1748 4537; x_wconf 89' lang='lat' dir='ltr'><strong>ha-</strong></span> 
     </span>
     <span class='ocr_line' id='line_1_43' title="bbox 194 4566 1749 4645; baseline 0.003 -20"><span class='ocrx_word' id='word_1_305' title='bbox 194 4566 526 4645; x_wconf 70' lang='lat' dir='ltr'><strong>bitaculum</strong></span> <span class='ocrx_word' id='word_1_306' title='bbox 565 4566 764 4640; x_wconf 88' lang='lat' dir='ltr'><strong>regale</strong></span> <span class='ocrx_word' id='word_1_307' title='bbox 807 4571 865 4625; x_wconf 90' lang='lat' dir='ltr'><strong>et</strong></span> <span class='ocrx_word' id='word_1_308' title='bbox 909 4567 1275 4641; x_wconf 90' lang='lat' dir='ltr'><strong>gloriosum,</strong></span> <span class='ocrx_word' id='word_1_309' title='bbox 1313 4569 1398 4628; x_wconf 89' lang='lat' dir='ltr'><strong>ibi</strong></span> <span class='ocrx_word' id='word_1_310' title='bbox 1430 4590 1445 4626; x_wconf 77' lang='lat' dir='ltr'><strong><em>z</em></strong></span> <span class='ocrx_word' id='word_1_311' title='bbox 1481 4573 1550 4629; x_wconf 85' lang='lat' dir='ltr'><strong>In</strong></span> <span class='ocrx_word' id='word_1_312' title='bbox 1595 4572 1749 4630; x_wconf 81' lang='lat' dir='ltr'><strong>domo</strong></span> 
     </span>
     <span class='ocr_line' id='line_1_44' title="bbox 195 4660 1749 4741; baseline 0.005 -24"><span class='ocrx_word' id='word_1_313' title='bbox 195 4667 320 4733; x_wconf 77' lang='lat' dir='ltr'><strong>tua,</strong></span> <span class='ocrx_word' id='word_1_314' title='bbox 349 4675 474 4717; x_wconf 90' lang='lat' dir='ltr'><strong>non</strong></span> <span class='ocrx_word' id='word_1_315' title='bbox 501 4660 563 4718; x_wconf 91' lang='lat' dir='ltr'><strong>in</strong></span> <span class='ocrx_word' id='word_1_316' title='bbox 589 4660 767 4718; x_wconf 84' lang='lat' dir='ltr'><strong>exilio</strong></span> <span class='ocrx_word' id='word_1_317' title='bbox 793 4661 971 4734; x_wconf 86' lang='lat' dir='ltr'><strong>hujus</strong></span> <span class='ocrx_word' id='word_1_318' title='bbox 996 4661 1247 4720; x_wconf 76' lang='lat' dir='ltr'><strong>miseriae</strong></span> <span class='ocrx_word' id='word_1_319' title='bbox 1260 4706 1279 4736; x_wconf 96' lang='lat'><strong>,</strong></span> <span class='ocrx_word' id='word_1_320' title='bbox 1302 4663 1411 4722; x_wconf 92' lang='lat' dir='ltr'><strong>ubi</strong></span> <span class='ocrx_word' id='word_1_321' title='bbox 1436 4667 1527 4723; x_wconf 87' lang='lat' dir='ltr'><strong>est</strong></span> <span class='ocrx_word' id='word_1_322' title='bbox 1546 4665 1749 4741; x_wconf 88' lang='lat' dir='ltr'><strong>hospi·</strong></span> 
     </span>
     <span class='ocr_line' id='line_1_45' title="bbox 193 4752 1749 4832; baseline 0.004 -21"><span class='ocrx_word' id='word_1_323' title='bbox 193 4752 344 4812; x_wconf 89' lang='lat' dir='ltr'><strong>tium</strong></span> <span class='ocrx_word' id='word_1_324' title='bbox 369 4754 827 4825; x_wconf 89' lang='lat' dir='ltr'><strong>transeuntium,</strong></span> <span class='ocrx_word' id='word_1_325' title='bbox 851 4754 958 4812; x_wconf 90' lang='lat' dir='ltr'><strong>sed</strong></span> <span class='ocrx_word' id='word_1_326' title='bbox 995 4754 1058 4813; x_wconf 89' lang='lat' dir='ltr'><strong>in</strong></span> <span class='ocrx_word' id='word_1_327' title='bbox 1102 4756 1254 4814; x_wconf 87' lang='lat' dir='ltr'><strong>coelo</strong></span> <span class='ocrx_word' id='word_1_328' title='bbox 1287 4774 1302 4814; x_wconf 73' lang='grc' dir='ltr'><strong><em>ε</em></strong></span> <span class='ocrx_word' id='word_1_329' title='bbox 1344 4757 1489 4832; x_wconf 87' lang='lat' dir='ltr'><strong>quia</strong></span> <span class='ocrx_word' id='word_1_330' title='bbox 1529 4758 1749 4818; x_wconf 89' lang='lat' dir='ltr'><strong>coelum</strong></span> 
     </span>
     <span class='ocr_line' id='line_1_46' title="bbox 200 4848 1751 4927; baseline 0.003 -21"><span class='ocrx_word' id='word_1_331' title='bbox 200 4852 288 4906; x_wconf 91' lang='lat' dir='ltr'><strong>est</strong></span> <span class='ocrx_word' id='word_1_332' title='bbox 312 4848 532 4906; x_wconf 90' lang='lat' dir='ltr'><strong>domus</strong></span> <span class='ocrx_word' id='word_1_333' title='bbox 559 4848 1011 4923; x_wconf 85' lang='lat' dir='ltr'><strong>quiescentium,</strong></span> <span class='ocrx_word' id='word_1_334' title='bbox 1032 4850 1299 4908; x_wconf 90' lang='lat' dir='ltr'><strong>mundus</strong></span> <span class='ocrx_word' id='word_1_335' title='bbox 1323 4851 1485 4909; x_wconf 91' lang='lat' dir='ltr'><strong>enim</strong></span> <span class='ocrx_word' id='word_1_336' title='bbox 1514 4852 1589 4927; x_wconf 81' lang='grc' dir='ltr'><strong>(ὁ)</strong></span> <span class='ocrx_word' id='word_1_337' title='bbox 1611 4852 1751 4911; x_wconf 89' lang='lat' dir='ltr'><strong>hos-</strong></span> 
     </span>
     <span class='ocr_line' id='line_1_47' title="bbox 191 4940 1748 5018; baseline 0.003 -19"><span class='ocrx_word' id='word_1_338' title='bbox 191 4940 409 5015; x_wconf 89' lang='lat' dir='ltr'><strong>pitium</strong></span> <span class='ocrx_word' id='word_1_339' title='bbox 442 4941 656 5015; x_wconf 79' lang='lat' dir='ltr'><strong>breve,</strong></span> <span class='ocrx_word' id='word_1_340' title='bbox 696 4944 754 5000; x_wconf 90' lang='lat' dir='ltr'><strong>et</strong></span> <span class='ocrx_word' id='word_1_341' title='bbox 796 4941 935 5000; x_wconf 92' lang='lat' dir='ltr'><strong>ideo</strong></span> <span class='ocrx_word' id='word_1_342' title='bbox 979 4942 1462 5018; x_wconf 85' lang='lat' dir='ltr'><strong>relinquendum.</strong></span> <span class='ocrx_word' id='word_1_343' title='bbox 1510 4948 1588 5003; x_wconf 88' lang='lat' dir='ltr'><strong>De</strong></span> <span class='ocrx_word' id='word_1_344' title='bbox 1634 4946 1748 5005; x_wconf 90' lang='lat' dir='ltr'><strong>hac</strong></span> 
     </span>
    </p>

    <p class='ocr_par' dir='ltr' id='par_1_6' title="bbox 198 5062 1748 5344">
     <span class='ocr_line' id='line_1_48' title="bbox 259 5062 1743 5126; baseline 0.002 -13"><span class='ocrx_word' id='word_1_345' title='bbox 259 5062 273 5092; x_wconf 87' lang='lat'><strong>¹</strong></span> <span class='ocrx_word' id='word_1_346' title='bbox 305 5063 450 5123; x_wconf 57' lang='lat' dir='ltr'><strong>Bar„</strong></span> <span class='ocrx_word' id='word_1_347' title='bbox 479 5073 565 5123; x_wconf 69' lang='grc' dir='ltr'><strong>ιιι,</strong></span> <span class='ocrx_word' id='word_1_348' title='bbox 592 5064 672 5112; x_wconf 67' lang='lat'><strong>24.</strong></span> <span class='ocrx_word' id='word_1_349' title='bbox 693 5088 758 5100; x_wconf 89' lang='lat'>—</span> <span class='ocrx_word' id='word_1_350' title='bbox 778 5062 801 5097; x_wconf 80' lang='lat'><strong>¹</strong></span> <span class='ocrx_word' id='word_1_351' title='bbox 823 5063 963 5122; x_wconf 61' lang='lat' dir='ltr'><strong>Luc„</strong></span> <span class='ocrx_word' id='word_1_352' title='bbox 991 5074 1100 5126; x_wconf 78' lang='lat' dir='ltr'><strong>nv,</strong></span> <span class='ocrx_word' id='word_1_353' title='bbox 1126 5064 1207 5113; x_wconf 79' lang='lat'><strong>23.</strong></span> <span class='ocrx_word' id='word_1_354' title='bbox 1232 5089 1292 5101; x_wconf 92' lang='lat'>—</span> <span class='ocrx_word' id='word_1_355' title='bbox 1312 5063 1336 5098; x_wconf 80' lang='lat'>⁸</span> <span class='ocrx_word' id='word_1_356' title='bbox 1360 5063 1498 5114; x_wconf 76' lang='lat' dir='ltr'><strong>Psal.</strong></span> <span class='ocrx_word' id='word_1_357' title='bbox 1527 5076 1743 5126; x_wconf 71' lang='lat' dir='ltr'><strong>Lxxxw,</strong></span> 
     </span>
     <span class='ocr_line' id='line_1_49' title="bbox 198 5132 1744 5197; baseline 0.002 -15"><span class='ocrx_word' id='word_1_358' title='bbox 198 5135 246 5182; x_wconf 78' lang='lat'><strong>7.</strong></span> <span class='ocrx_word' id='word_1_359' title='bbox 283 5160 347 5171; x_wconf 87' lang='lat'>-</span> <span class='ocrx_word' id='word_1_360' title='bbox 378 5133 396 5162; x_wconf 81' lang='lat'>⁸</span> <span class='ocrx_word' id='word_1_361' title='bbox 426 5132 563 5184; x_wconf 69' lang='lat' dir='ltr'><strong>psal.</strong></span> <span class='ocrx_word' id='word_1_362' title='bbox 602 5145 790 5194; x_wconf 74' lang='lat' dir='ltr'><strong>exul,</strong></span> <span class='ocrx_word' id='word_1_363' title='bbox 823 5137 870 5184; x_wconf 81' lang='lat'><strong>¹.</strong></span> <span class='ocrx_word' id='word_1_364' title='bbox 897 5160 961 5172; x_wconf 89' lang='lat'>—</span> <span class='ocrx_word' id='word_1_365' title='bbox 996 5134 1019 5171; x_wconf 86' lang='lat'>⁸</span> <span class='ocrx_word' id='word_1_366' title='bbox 1046 5133 1249 5196; x_wconf 63' lang='lat' dir='ltr'><strong>nauh„</strong></span> <span class='ocrx_word' id='word_1_367' title='bbox 1288 5146 1338 5196; x_wconf 77' lang='grc' dir='ltr'><strong>ν,</strong></span> <span class='ocrx_word' id='word_1_368' title='bbox 1369 5137 1418 5185; x_wconf 87' lang='grc'><strong>7.</strong></span> <span class='ocrx_word' id='word_1_369' title='bbox 1460 5162 1514 5172; x_wconf 91' lang='grc'><strong>--</strong></span> <span class='ocrx_word' id='word_1_370' title='bbox 1549 5137 1568 5168; x_wconf 86' lang='lat'>⁸</span> <span class='ocrx_word' id='word_1_371' title='bbox 1599 5136 1744 5197; x_wconf 67' lang='lat' dir='ltr'><strong>Gen„</strong></span> 
     </span>
     <span class='ocr_line' id='line_1_50' title="bbox 202 5204 1748 5272; baseline 0.002 -18"><span class='ocrx_word' id='word_1_372' title='bbox 202 5217 327 5269; x_wconf 79' lang='lat' dir='ltr'><strong>xm,</strong></span> <span class='ocrx_word' id='word_1_373' title='bbox 357 5208 406 5255; x_wconf 83' lang='lat'><strong>6.</strong></span> <span class='ocrx_word' id='word_1_374' title='bbox 441 5232 504 5243; x_wconf 94' lang='lat'>—</span> <span class='ocrx_word' id='word_1_375' title='bbox 541 5206 559 5236; x_wconf 83' lang='lat'>²</span> <span class='ocrx_word' id='word_1_376' title='bbox 597 5204 736 5255; x_wconf 73' lang='lat' dir='ltr'><strong>Psal.</strong></span> <span class='ocrx_word' id='word_1_377' title='bbox 773 5216 1007 5269; x_wconf 74' lang='lat' dir='ltr'><strong>nxxxm,</strong></span> <span class='ocrx_word' id='word_1_378' title='bbox 1044 5207 1092 5254; x_wconf 79' lang='grc'><strong>5.</strong></span> <span class='ocrx_word' id='word_1_379' title='bbox 1121 5232 1185 5243; x_wconf 92' lang='grc'>-</span> <span class='ocrx_word' id='word_1_380' title='bbox 1213 5207 1233 5237; x_wconf 83' lang='grc'>·</span> <span class='ocrx_word' id='word_1_381' title='bbox 1262 5205 1401 5257; x_wconf 73' lang='grc' dir='ltr'><strong>Ρεαὶ.</strong></span> <span class='ocrx_word' id='word_1_382' title='bbox 1436 5217 1576 5272; x_wconf 77' lang='lat' dir='ltr'><strong>xmv,</strong></span> <span class='ocrx_word' id='word_1_383' title='bbox 1606 5212 1653 5259; x_wconf 79' lang='lat'><strong>2.</strong></span> <span class='ocrx_word' id='word_1_384' title='bbox 1684 5235 1748 5247; x_wconf 95' lang='lat'><strong>—</strong></span> 
     </span>
     <span class='ocr_line' id='line_1_51' title="bbox 198 5275 1745 5344; baseline 0.003 -17"><span class='ocrx_word' id='word_1_385' title='bbox 198 5276 220 5307; x_wconf 82' lang='lat'><strong>⁹</strong></span> <span class='ocrx_word' id='word_1_386' title='bbox 249 5279 482 5342; x_wconf 66' lang='lat' dir='ltr'><strong>August„</strong></span> <span class='ocrx_word' id='word_1_387' title='bbox 509 5275 571 5326; x_wconf 84' lang='lat' dir='ltr'><strong>de</strong></span> <span class='ocrx_word' id='word_1_388' title='bbox 597 5275 779 5328; x_wconf 72' lang='lat' dir='ltr'><strong>Mor-ib.</strong></span> <span class='ocrx_word' id='word_1_389' title='bbox 808 5276 948 5328; x_wconf 78' lang='lat' dir='ltr'><strong>Eccl.</strong></span> <span class='ocrx_word' id='word_1_390' title='bbox 975 5275 1132 5339; x_wconf 65' lang='lat' dir='ltr'><strong>cath„</strong></span> <span class='ocrx_word' id='word_1_391' title='bbox 1162 5289 1283 5341; x_wconf 76' lang='lat' dir='ltr'><strong>xxV,</strong></span> <span class='ocrx_word' id='word_1_392' title='bbox 1312 5280 1390 5329; x_wconf 84' lang='lat'><strong>37.</strong></span> <span class='ocrx_word' id='word_1_393' title='bbox 1419 5306 1479 5316; x_wconf 93' lang='lat'>—</span> <span class='ocrx_word' id='word_1_394' title='bbox 1506 5281 1546 5315; x_wconf 75' lang='grc' dir='ltr'><strong>ί·</strong></span> <span class='ocrx_word' id='word_1_395' title='bbox 1579 5281 1745 5344; x_wconf 70' lang='lat' dir='ltr'><strong>Dent„</strong></span> 
     </span>
    </p>
   </div>
   <div class='ocr_carea' id='block_1_5' title="bbox 203 5346 1745 5491">
    <p class='ocr_par' dir='ltr' id='par_1_7' title="bbox 203 5346 1745 5491">
     <span class='ocr_line' id='line_1_52' title="bbox 203 5346 1742 5412; baseline 0.003 -15"><span class='ocrx_word' id='word_1_396' title='bbox 203 5359 390 5407; x_wconf 72' lang='lat' dir='ltr'><strong>xxxin,</strong></span> <span class='ocrx_word' id='word_1_397' title='bbox 419 5351 497 5398; x_wconf 78' lang='lat'><strong>29.</strong></span> <span class='ocrx_word' id='word_1_398' title='bbox 526 5372 587 5384; x_wconf 90' lang='lat'><strong>-—</strong></span> <span class='ocrx_word' id='word_1_399' title='bbox 611 5348 650 5383; x_wconf 88' lang='lat'><strong>¹¹</strong></span> <span class='ocrx_word' id='word_1_400' title='bbox 681 5346 814 5398; x_wconf 73' lang='lat' dir='ltr'><strong>Psal.</strong></span> <span class='ocrx_word' id='word_1_401' title='bbox 841 5358 983 5405; x_wconf 74' lang='lat' dir='ltr'><strong>ent,</strong></span> <span class='ocrx_word' id='word_1_402' title='bbox 1015 5352 1065 5398; x_wconf 76' lang='grc'><strong>1.</strong></span> <span class='ocrx_word' id='word_1_403' title='bbox 1085 5375 1145 5386; x_wconf 89' lang='grc'><strong>--</strong></span> <span class='ocrx_word' id='word_1_404' title='bbox 1171 5350 1211 5383; x_wconf 80' lang='lat'><strong>¹²</strong></span> <span class='ocrx_word' id='word_1_405' title='bbox 1240 5351 1474 5412; x_wconf 67' lang='lat' dir='ltr'><strong>August„</strong></span> <span class='ocrx_word' id='word_1_406' title='bbox 1497 5349 1561 5402; x_wconf 83' lang='lat' dir='ltr'><strong>de</strong></span> <span class='ocrx_word' id='word_1_407' title='bbox 1590 5352 1742 5402; x_wconf 76' lang='lat' dir='ltr'><strong>Civit.</strong></span> 
     </span>
     <span class='ocr_line' id='line_1_53' title="bbox 204 5418 1745 5491; baseline 0.003 -22"><span class='ocrx_word' id='word_1_408' title='bbox 204 5418 321 5480; x_wconf 76' lang='lat' dir='ltr'><strong>Dei,</strong></span> <span class='ocrx_word' id='word_1_409' title='bbox 349 5418 441 5491; x_wconf 78' lang='lat' dir='ltr'><strong>lib.</strong></span> <span class='ocrx_word' id='word_1_410' title='bbox 472 5419 635 5479; x_wconf 82' lang='lat' dir='ltr'><strong>xxn,</strong></span> <span class='ocrx_word' id='word_1_411' title='bbox 666 5433 712 5470; x_wconf 91' lang='lat' dir='ltr'><strong>c.</strong></span> <span class='ocrx_word' id='word_1_412' title='bbox 744 5430 875 5482; x_wconf 76' lang='lat' dir='ltr'><strong>Lxx,</strong></span> <span class='ocrx_word' id='word_1_413' title='bbox 905 5433 958 5470; x_wconf 92' lang='lat' dir='ltr'><strong>n.</strong></span> <span class='ocrx_word' id='word_1_414' title='bbox 989 5422 1036 5470; x_wconf 84' lang='lat'><strong>1.</strong></span> <span class='ocrx_word' id='word_1_415' title='bbox 1066 5444 1126 5457; x_wconf 95' lang='lat'>—</span> <span class='ocrx_word' id='word_1_416' title='bbox 1155 5419 1199 5455; x_wconf 80' lang='lat'><strong>¹³</strong></span> <span class='ocrx_word' id='word_1_417' title='bbox 1224 5420 1358 5472; x_wconf 77' lang='lat' dir='ltr'><strong>Psal.</strong></span> <span class='ocrx_word' id='word_1_418' title='bbox 1391 5434 1580 5483; x_wconf 55' lang='grc' dir='ltr'><strong>χχχιιι,</strong></span> <span class='ocrx_word' id='word_1_419' title='bbox 1607 5426 1654 5474; x_wconf 79' lang='grc'><strong>2.</strong></span> <span class='ocrx_word' id='word_1_420' title='bbox 1683 5448 1745 5463; x_wconf 90' lang='lat'><em>-</em></span> 
     </span>
    </p>
   </div>
   <div class='ocr_carea' id='block_1_6' title="bbox 3188 488 3400 550">
    <p class='ocr_par' dir='ltr' id='par_1_8' title="bbox 3188 488 3400 550">
     <span class='ocr_line' id='line_1_54' title="bbox 3188 488 3400 550; baseline 0.005 -1"><span class='ocrx_word' id='word_1_421' title='bbox 3188 496 3193 501; x_wconf 82' lang='grc'><strong><em>’</em></strong></span> <span class='ocrx_word' id='word_1_422' title='bbox 3279 488 3400 550; x_wconf 81' lang='grc'><strong>619</strong></span> 
     </span>
    </p>
   </div>
   <div class='ocr_carea' id='block_1_7' title="bbox 1851 619 3412 5007">
    <p class='ocr_par' dir='ltr' id='par_1_9' title="bbox 1851 619 3407 1826">
     <span class='ocr_line' id='line_1_55' title="bbox 1853 619 3402 697; baseline -0.001 -15"><span class='ocrx_word' id='word_1_423' title='bbox 1853 623 2039 682; x_wconf 89' lang='lat' dir='ltr'><strong>domo</strong></span> <span class='ocrx_word' id='word_1_424' title='bbox 2067 622 2210 681; x_wconf 90' lang='lat' dir='ltr'><strong>dicit</strong></span> <span class='ocrx_word' id='word_1_425' title='bbox 2234 623 2314 681; x_wconf 83' lang='lat'><strong>¹¹:</strong></span> <span class='ocrx_word' id='word_1_426' title='bbox 2349 640 2379 676; x_wconf 75' lang='grc' dir='ltr'><strong><em>κ</em></strong></span> <span class='ocrx_word' id='word_1_427' title='bbox 2396 624 2639 681; x_wconf 83' lang='lat' dir='ltr'><strong>Laetatus</strong></span> <span class='ocrx_word' id='word_1_428' title='bbox 2666 637 2801 680; x_wconf 90' lang='lat' dir='ltr'><strong>sum</strong></span> <span class='ocrx_word' id='word_1_429' title='bbox 2825 620 2889 679; x_wconf 89' lang='lat' dir='ltr'><strong>in</strong></span> <span class='ocrx_word' id='word_1_430' title='bbox 2915 620 3039 695; x_wconf 82' lang='lat' dir='ltr'><strong>his,</strong></span> <span class='ocrx_word' id='word_1_431' title='bbox 3074 636 3210 697; x_wconf 77' lang='lat' dir='ltr'><strong>quoe</strong></span> <span class='ocrx_word' id='word_1_432' title='bbox 3242 619 3402 680; x_wconf 86' lang='lat' dir='ltr'><strong>dicta</strong></span> 
     </span>
     <span class='ocr_line' id='line_1_56' title="bbox 1851 711 3400 779; baseline -0.001 -4"><span class='ocrx_word' id='word_1_433' title='bbox 1851 720 1988 776; x_wconf 90' lang='lat' dir='ltr'><strong>sunt</strong></span> <span class='ocrx_word' id='word_1_434' title='bbox 2022 716 2170 774; x_wconf 91' lang='lat' dir='ltr'><strong>mihi</strong></span> <span class='ocrx_word' id='word_1_435' title='bbox 2202 734 2217 775; x_wconf 70' lang='grc' dir='ltr'><strong>ε</strong></span> <span class='ocrx_word' id='word_1_436' title='bbox 2248 723 2313 779; x_wconf 83' lang='lat' dir='ltr'><strong>ln</strong></span> <span class='ocrx_word' id='word_1_437' title='bbox 2344 716 2597 775; x_wconf 88' lang='lat' dir='ltr'><strong>domum</strong></span> <span class='ocrx_word' id='word_1_438' title='bbox 2630 714 2865 774; x_wconf 89' lang='lat' dir='ltr'><strong>Domini</strong></span> <span class='ocrx_word' id='word_1_439' title='bbox 2904 715 3144 775; x_wconf 88' lang='lat' dir='ltr'><strong>ibimus.</strong></span> <span class='ocrx_word' id='word_1_440' title='bbox 3174 734 3202 768; x_wconf 73' lang='grc' dir='ltr'><strong>»ι</strong></span> <span class='ocrx_word' id='word_1_441' title='bbox 3233 711 3400 773; x_wconf 87' lang='lat' dir='ltr'><strong>Unde</strong></span> 
     </span>
     <span class='ocr_line' id='line_1_57' title="bbox 1851 808 3401 881; baseline -0.002 -12"><span class='ocrx_word' id='word_1_442' title='bbox 1851 810 2023 869; x_wconf 92' lang='lat' dir='ltr'><strong>multi</strong></span> <span class='ocrx_word' id='word_1_443' title='bbox 2049 810 2114 869; x_wconf 91' lang='lat' dir='ltr'><strong>in</strong></span> <span class='ocrx_word' id='word_1_444' title='bbox 2138 811 2256 868; x_wconf 88' lang='lat' dir='ltr'><strong>hoc</strong></span> <span class='ocrx_word' id='word_1_445' title='bbox 2290 810 2519 868; x_wconf 88' lang='lat' dir='ltr'><strong>mundo</strong></span> <span class='ocrx_word' id='word_1_446' title='bbox 2565 809 2914 881; x_wconf 90' lang='lat' dir='ltr'><strong>noluerunt,</strong></span> <span class='ocrx_word' id='word_1_447' title='bbox 2960 825 3072 867; x_wconf 88' lang='lat' dir='ltr'><strong>neo</strong></span> <span class='ocrx_word' id='word_1_448' title='bbox 3117 808 3401 879; x_wconf 90' lang='lat' dir='ltr'><strong>domum,</strong></span> 
     </span>
     <span class='ocr_line' id='line_1_58' title="bbox 1853 903 3402 980; baseline -0.001 -16"><span class='ocrx_word' id='word_1_449' title='bbox 1853 923 1962 964; x_wconf 91' lang='lat' dir='ltr'><strong>nec</strong></span> <span class='ocrx_word' id='word_1_450' title='bbox 1989 906 2214 978; x_wconf 89' lang='lat' dir='ltr'><strong>locum,</strong></span> <span class='ocrx_word' id='word_1_451' title='bbox 2236 921 2353 964; x_wconf 85' lang='lat' dir='ltr'><strong>nec</strong></span> <span class='ocrx_word' id='word_1_452' title='bbox 2385 905 2646 980; x_wconf 89' lang='lat' dir='ltr'><strong>aliquam</strong></span> <span class='ocrx_word' id='word_1_453' title='bbox 2675 920 2830 976; x_wconf 83' lang='lat' dir='ltr'><strong>rem3</strong></span> <span class='ocrx_word' id='word_1_454' title='bbox 2861 903 2969 962; x_wconf 92' lang='lat' dir='ltr'><strong>sed</strong></span> <span class='ocrx_word' id='word_1_455' title='bbox 2996 908 3282 978; x_wconf 86' lang='lat' dir='ltr'><strong>tanquam</strong></span> <span class='ocrx_word' id='word_1_456' title='bbox 3299 920 3402 979; x_wconf 87' lang='lat' dir='ltr'><strong>pe-</strong></span> 
     </span>
     <span class='ocr_line' id='line_1_59' title="bbox 1851 996 3402 1073; baseline -0.001 -15"><span class='ocrx_word' id='word_1_457' title='bbox 1851 1000 2074 1073; x_wconf 88' lang='lat' dir='ltr'><strong>regrini</strong></span> <span class='ocrx_word' id='word_1_458' title='bbox 2118 1003 2176 1059; x_wconf 92' lang='lat' dir='ltr'><strong>et</strong></span> <span class='ocrx_word' id='word_1_459' title='bbox 2213 999 2459 1058; x_wconf 82' lang='lat' dir='ltr'><strong>advenae</strong></span> <span class='ocrx_word' id='word_1_460' title='bbox 2498 999 2562 1056; x_wconf 94' lang='lat' dir='ltr'><strong>in</strong></span> <span class='ocrx_word' id='word_1_461' title='bbox 2599 998 2714 1056; x_wconf 88' lang='lat' dir='ltr'><strong>hoc</strong></span> <span class='ocrx_word' id='word_1_462' title='bbox 2750 997 3001 1068; x_wconf 61' lang='lat' dir='ltr'><strong>saeculo,</strong></span> <span class='ocrx_word' id='word_1_463' title='bbox 3036 996 3312 1056; x_wconf 87' lang='lat' dir='ltr'><strong>habitant</strong></span> <span class='ocrx_word' id='word_1_464' title='bbox 3338 998 3402 1056; x_wconf 92' lang='lat' dir='ltr'><strong>in</strong></span> 
     </span>
     <span class='ocr_line' id='line_1_60' title="bbox 1854 1091 3401 1165; baseline -0.001 -14"><span class='ocrx_word' id='word_1_465' title='bbox 1854 1093 2116 1153; x_wconf 83' lang='lat' dir='ltr'><strong>desertis.</strong></span> <span class='ocrx_word' id='word_1_466' title='bbox 2146 1093 2401 1151; x_wconf 86' lang='lat' dir='ltr'><strong>Tertium</strong></span> <span class='ocrx_word' id='word_1_467' title='bbox 2427 1096 2515 1151; x_wconf 88' lang='lat' dir='ltr'><strong>est</strong></span> <span class='ocrx_word' id='word_1_468' title='bbox 2539 1091 2805 1151; x_wconf 83' lang='lat' dir='ltr'><strong>officium</strong></span> <span class='ocrx_word' id='word_1_469' title='bbox 2837 1091 3142 1163; x_wconf 78' lang='lat' dir='ltr'><strong>seternale,</strong></span> <span class='ocrx_word' id='word_1_470' title='bbox 3172 1094 3230 1150; x_wconf 91' lang='lat' dir='ltr'><strong>et</strong></span> <span class='ocrx_word' id='word_1_471' title='bbox 3255 1108 3401 1165; x_wconf 90' lang='lat' dir='ltr'><strong>gau·</strong></span> 
     </span>
     <span class='ocr_line' id='line_1_61' title="bbox 1855 1186 3399 1259; baseline -0.001 -13"><span class='ocrx_word' id='word_1_472' title='bbox 1855 1187 2124 1259; x_wconf 84' lang='lat' dir='ltr'><strong>diosum,</strong></span> <span class='ocrx_word' id='word_1_473' title='bbox 2153 1187 2239 1246; x_wconf 88' lang='lat' dir='ltr'><strong>ibi</strong></span> <span class='ocrx_word' id='word_1_474' title='bbox 2268 1207 2283 1246; x_wconf 77' lang='lat' dir='ltr'><strong><em>z</em></strong></span> <span class='ocrx_word' id='word_1_475' title='bbox 2317 1190 2383 1245; x_wconf 81' lang='lat' dir='ltr'><strong>In</strong></span> <span class='ocrx_word' id='word_1_476' title='bbox 2407 1190 2600 1245; x_wconf 72' lang='lat' dir='ltr'><strong>soecicla</strong></span> <span class='ocrx_word' id='word_1_477' title='bbox 2635 1189 2953 1245; x_wconf 65' lang='lat' dir='ltr'><strong>surculorum</strong></span> <span class='ocrx_word' id='word_1_478' title='bbox 2988 1186 3287 1243; x_wconf 78' lang='lat' dir='ltr'><strong>laudabunt</strong></span> <span class='ocrx_word' id='word_1_479' title='bbox 3324 1192 3399 1244; x_wconf 80' lang='lat' dir='ltr'><strong>te.</strong></span> 
     </span>
     <span class='ocr_line' id='line_1_62' title="bbox 1853 1279 3402 1351; baseline -0.002 -11"><span class='ocrx_word' id='word_1_480' title='bbox 1853 1281 2007 1341; x_wconf 86' lang='lat' dir='ltr'><strong>nlud</strong></span> <span class='ocrx_word' id='word_1_481' title='bbox 2049 1285 2136 1340; x_wconf 86' lang='lat' dir='ltr'><strong>est</strong></span> <span class='ocrx_word' id='word_1_482' title='bbox 2178 1281 2442 1340; x_wconf 86' lang='lat' dir='ltr'><strong>officium</strong></span> <span class='ocrx_word' id='word_1_483' title='bbox 2483 1284 2831 1341; x_wconf 88' lang='lat' dir='ltr'><strong>Sanctorum</strong></span> <span class='ocrx_word' id='word_1_484' title='bbox 2861 1297 2876 1338; x_wconf 90' lang='lat'><strong>:</strong></span> <span class='ocrx_word' id='word_1_485' title='bbox 2925 1282 3196 1351; x_wconf 87' lang='lat' dir='ltr'><strong>cantare,</strong></span> <span class='ocrx_word' id='word_1_486' title='bbox 3239 1279 3402 1338; x_wconf 82' lang='lat' dir='ltr'><strong>exul-</strong></span> 
     </span>
     <span class='ocr_line' id='line_1_63' title="bbox 1852 1372 3403 1447; baseline -0.001 -14"><span class='ocrx_word' id='word_1_487' title='bbox 1852 1378 2006 1447; x_wconf 86' lang='lat' dir='ltr'><strong>tare,</strong></span> <span class='ocrx_word' id='word_1_488' title='bbox 2037 1380 2095 1434; x_wconf 92' lang='lat' dir='ltr'><strong>et</strong></span> <span class='ocrx_word' id='word_1_489' title='bbox 2123 1380 2307 1434; x_wconf 89' lang='lat' dir='ltr'><strong>Deum</strong></span> <span class='ocrx_word' id='word_1_490' title='bbox 2331 1375 2579 1434; x_wconf 88' lang='lat' dir='ltr'><strong>laudare</strong></span> <span class='ocrx_word' id='word_1_491' title='bbox 2608 1374 2651 1411; x_wconf 84' lang='lat'><strong>¹¹</strong></span> <span class='ocrx_word' id='word_1_492' title='bbox 2680 1392 2748 1433; x_wconf 68' lang='lat' dir='ltr'><strong>:a</strong></span> <span class='ocrx_word' id='word_1_493' title='bbox 2766 1374 2855 1432; x_wconf 86' lang='lat' dir='ltr'><strong>lbi</strong></span> <span class='ocrx_word' id='word_1_494' title='bbox 2874 1376 3119 1432; x_wconf 81' lang='lat' dir='ltr'><strong>vacatur</strong></span> <span class='ocrx_word' id='word_1_495' title='bbox 3146 1372 3245 1431; x_wconf 87' lang='lat' dir='ltr'><strong>Dei</strong></span> <span class='ocrx_word' id='word_1_496' title='bbox 3271 1372 3403 1431; x_wconf 91' lang='lat' dir='ltr'><strong>lau-</strong></span> 
     </span>
     <span class='ocr_line' id='line_1_64' title="bbox 1856 1466 3399 1545; baseline -0.001 -18"><span class='ocrx_word' id='word_1_497' title='bbox 1856 1470 2052 1537; x_wconf 87' lang='lat' dir='ltr'><strong>dibus,</strong></span> <span class='ocrx_word' id='word_1_498' title='bbox 2076 1471 2179 1544; x_wconf 87' lang='lat' dir='ltr'><strong>qui</strong></span> <span class='ocrx_word' id='word_1_499' title='bbox 2202 1468 2311 1527; x_wconf 84' lang='lat' dir='ltr'><strong>erit</strong></span> <span class='ocrx_word' id='word_1_500' title='bbox 2335 1469 2401 1545; x_wconf 83' lang='lat' dir='ltr'><strong>(c)</strong></span> <span class='ocrx_word' id='word_1_501' title='bbox 2432 1467 2636 1527; x_wconf 90' lang='lat' dir='ltr'><strong>omnia</strong></span> <span class='ocrx_word' id='word_1_502' title='bbox 2662 1468 2727 1526; x_wconf 92' lang='lat' dir='ltr'><strong>in</strong></span> <span class='ocrx_word' id='word_1_503' title='bbox 2755 1467 3054 1526; x_wconf 89' lang='lat' dir='ltr'><strong>omnibus.</strong></span> <span class='ocrx_word' id='word_1_504' title='bbox 3078 1487 3104 1522; x_wconf 68' lang='lat' dir='ltr'><strong>a</strong></span> <span class='ocrx_word' id='word_1_505' title='bbox 3126 1466 3290 1526; x_wconf 90' lang='lat' dir='ltr'><strong>Unde</strong></span> <span class='ocrx_word' id='word_1_506' title='bbox 3319 1466 3399 1525; x_wconf 85' lang='lat'><strong>¹⁸:</strong></span> 
     </span>
     <span class='ocr_line' id='line_1_65' title="bbox 1861 1560 3407 1635; baseline -0.002 -14"><span class='ocrx_word' id='word_1_507' title='bbox 1861 1582 1888 1615; x_wconf 72' lang='grc' dir='ltr'><strong>α</strong></span> <span class='ocrx_word' id='word_1_508' title='bbox 1917 1563 2268 1621; x_wconf 89' lang='lat' dir='ltr'><strong>Benedicam</strong></span> <span class='ocrx_word' id='word_1_509' title='bbox 2297 1561 2633 1633; x_wconf 86' lang='lat' dir='ltr'><strong>Dominum,</strong></span> <span class='ocrx_word' id='word_1_510' title='bbox 2653 1561 2717 1620; x_wconf 93' lang='lat' dir='ltr'><strong>in</strong></span> <span class='ocrx_word' id='word_1_511' title='bbox 2744 1560 2910 1620; x_wconf 90' lang='lat' dir='ltr'><strong>omni</strong></span> <span class='ocrx_word' id='word_1_512' title='bbox 2939 1564 3228 1635; x_wconf 87' lang='lat' dir='ltr'><strong>tempore,</strong></span> <span class='ocrx_word' id='word_1_513' title='bbox 3250 1576 3407 1618; x_wconf 89' lang='lat' dir='ltr'><strong>sem-</strong></span> 
     </span>
     <span class='ocr_line' id='line_1_66' title="bbox 1854 1653 3402 1733; baseline -0.002 -18"><span class='ocrx_word' id='word_1_514' title='bbox 1854 1673 1962 1733; x_wconf 90' lang='lat' dir='ltr'><strong>per</strong></span> <span class='ocrx_word' id='word_1_515' title='bbox 1988 1658 2120 1715; x_wconf 89' lang='lat' dir='ltr'><strong>laus</strong></span> <span class='ocrx_word' id='word_1_516' title='bbox 2147 1658 2273 1729; x_wconf 80' lang='lat' dir='ltr'><strong>eJ’us</strong></span> <span class='ocrx_word' id='word_1_517' title='bbox 2300 1656 2364 1715; x_wconf 89' lang='lat' dir='ltr'><strong>in</strong></span> <span class='ocrx_word' id='word_1_518' title='bbox 2392 1672 2497 1715; x_wconf 89' lang='lat' dir='ltr'><strong>ore</strong></span> <span class='ocrx_word' id='word_1_519' title='bbox 2527 1671 2684 1714; x_wconf 81' lang='lat' dir='ltr'><strong>meo,</strong></span> <span class='ocrx_word' id='word_1_520' title='bbox 2710 1677 2740 1711; x_wconf 67' lang='lat' dir='ltr'>n</span> <span class='ocrx_word' id='word_1_521' title='bbox 2773 1657 3015 1729; x_wconf 88' lang='lat' dir='ltr'><strong>Semper</strong></span> <span class='ocrx_word' id='word_1_522' title='bbox 3040 1653 3268 1726; x_wconf 90' lang='lat' dir='ltr'><strong>laudat,</strong></span> <span class='ocrx_word' id='word_1_523' title='bbox 3298 1653 3402 1728; x_wconf 90' lang='lat' dir='ltr'><strong>qui</strong></span> 
     </span>
     <span class='ocr_line' id='line_1_67' title="bbox 1854 1750 2326 1826; baseline 0 -18"><span class='ocrx_word' id='word_1_524' title='bbox 1854 1767 2090 1826; x_wconf 88' lang='lat' dir='ltr'><strong>semper</strong></span> <span class='ocrx_word' id='word_1_525' title='bbox 2114 1750 2326 1824; x_wconf 88' lang='lat' dir='ltr'><strong>diligit.</strong></span> 
     </span>
    </p>

    <p class='ocr_par' dir='ltr' id='par_1_10' title="bbox 1854 1841 3405 2105">
     <span class='ocr_line' id='line_1_68' title="bbox 1925 1841 3405 1918; baseline -0.002 -16"><span class='ocrx_word' id='word_1_526' title='bbox 1925 1844 2243 1902; x_wconf 80' lang='lat' dir='ltr'><strong>Videamus</strong></span> <span class='ocrx_word' id='word_1_527' title='bbox 2268 1843 2490 1918; x_wconf 89' lang='lat' dir='ltr'><strong>quibus</strong></span> <span class='ocrx_word' id='word_1_528' title='bbox 2513 1842 2626 1902; x_wconf 81' lang='lat' dir='ltr'><strong>viis</strong></span> <span class='ocrx_word' id='word_1_529' title='bbox 2663 1845 2721 1901; x_wconf 93' lang='lat' dir='ltr'><strong>et</strong></span> <span class='ocrx_word' id='word_1_530' title='bbox 2756 1842 3042 1916; x_wconf 91' lang='lat' dir='ltr'><strong>gradibus</strong></span> <span class='ocrx_word' id='word_1_531' title='bbox 3075 1841 3271 1901; x_wconf 86' lang='lat' dir='ltr'><strong>Sancti</strong></span> <span class='ocrx_word' id='word_1_532' title='bbox 3312 1857 3405 1900; x_wconf 86' lang='lat' dir='ltr'><strong>as·</strong></span> 
     </span>
     <span class='ocr_line' id='line_1_69' title="bbox 1855 1937 3404 2007; baseline -0.002 -10"><span class='ocrx_word' id='word_1_533' title='bbox 1855 1938 2186 1997; x_wconf 89' lang='lat' dir='ltr'><strong>cenderunt</strong></span> <span class='ocrx_word' id='word_1_534' title='bbox 2234 1937 2313 1995; x_wconf 92' lang='lat' dir='ltr'><strong>ad</strong></span> <span class='ocrx_word' id='word_1_535' title='bbox 2365 1937 2539 1996; x_wconf 90' lang='lat' dir='ltr'><strong>istam</strong></span> <span class='ocrx_word' id='word_1_536' title='bbox 2578 1937 3043 2007; x_wconf 88' lang='lat' dir='ltr'><strong>beatitudinem,</strong></span> <span class='ocrx_word' id='word_1_537' title='bbox 3083 1939 3150 1994; x_wconf 88' lang='lat' dir='ltr'><strong>ut</strong></span> <span class='ocrx_word' id='word_1_538' title='bbox 3195 1951 3404 1995; x_wconf 88' lang='lat' dir='ltr'><strong>eorum</strong></span> 
     </span>
     <span class='ocr_line' id='line_1_70' title="bbox 1854 2020 3119 2105; baseline -0.002 -14"><span class='ocrx_word' id='word_1_539' title='bbox 1854 2031 2146 2092; x_wconf 88' lang='lat' dir='ltr'><strong>imitando</strong></span> <span class='ocrx_word' id='word_1_540' title='bbox 2173 2031 2435 2105; x_wconf 80' lang='lat' dir='ltr'><strong>vestigia,</strong></span> <span class='ocrx_word' id='word_1_541' title='bbox 2465 2030 2624 2090; x_wconf 89' lang='lat' dir='ltr'><strong>beati</strong></span> <span class='ocrx_word' id='word_1_542' title='bbox 2651 2046 2776 2089; x_wconf 87' lang='lat' dir='ltr'><strong>esse</strong></span> <span class='ocrx_word' id='word_1_543' title='bbox 2803 2020 3119 2105; x_wconf 87' lang='lat' dir='ltr'><strong>possimus.</strong></span> 
     </span>
    </p>

    <p class='ocr_par' dir='ltr' id='par_1_11' title="bbox 1852 2124 3412 5007">
     <span class='ocr_line' id='line_1_71' title="bbox 1926 2124 3406 2198; baseline -0.001 -14"><span class='ocrx_word' id='word_1_544' title='bbox 1926 2126 2123 2185; x_wconf 90' lang='lat' dir='ltr'><strong>Primo</strong></span> <span class='ocrx_word' id='word_1_545' title='bbox 2164 2124 2477 2183; x_wconf 85' lang='lat' dir='ltr'><strong>videamus</strong></span> <span class='ocrx_word' id='word_1_546' title='bbox 2539 2124 2616 2182; x_wconf 92' lang='lat' dir='ltr'><strong>de</strong></span> <span class='ocrx_word' id='word_1_547' title='bbox 2665 2140 2807 2197; x_wconf 87' lang='lat' dir='ltr'><strong>rege</strong></span> <span class='ocrx_word' id='word_1_548' title='bbox 2851 2124 3120 2196; x_wconf 86' lang='lat' dir='ltr'><strong>Christo,</strong></span> <span class='ocrx_word' id='word_1_549' title='bbox 3165 2124 3269 2198; x_wconf 89' lang='lat' dir='ltr'><strong>qui</strong></span> <span class='ocrx_word' id='word_1_550' title='bbox 3318 2127 3406 2183; x_wconf 88' lang='lat' dir='ltr'><strong>est</strong></span> 
     </span>
     <span class='ocr_line' id='line_1_72' title="bbox 1857 2217 3404 2293; baseline -0.003 -14"><span class='ocrx_word' id='word_1_551' title='bbox 1857 2224 1980 2280; x_wconf 82' lang='lat' dir='ltr'><strong>Rex</strong></span> <span class='ocrx_word' id='word_1_552' title='bbox 2007 2219 2231 2293; x_wconf 77' lang='lat' dir='ltr'><strong>gloriae,</strong></span> <span class='ocrx_word' id='word_1_553' title='bbox 2254 2217 2398 2293; x_wconf 86' lang='lat' dir='ltr'><strong>quia</strong></span> <span class='ocrx_word' id='word_1_554' title='bbox 2420 2217 2559 2276; x_wconf 89' lang='lat' dir='ltr'><strong>licet</strong></span> <span class='ocrx_word' id='word_1_555' title='bbox 2581 2217 2852 2275; x_wconf 89' lang='lat' dir='ltr'><strong>omnium</strong></span> <span class='ocrx_word' id='word_1_556' title='bbox 2872 2217 3158 2275; x_wconf 87' lang='lat' dir='ltr'><strong>virtutum</strong></span> <span class='ocrx_word' id='word_1_557' title='bbox 3184 2232 3404 2292; x_wconf 80' lang='lat' dir='ltr'><strong>proero-</strong></span> 
     </span>
     <span class='ocr_line' id='line_1_73' title="bbox 1858 2310 3400 2389; baseline -0.001 -17"><span class='ocrx_word' id='word_1_558' title='bbox 1858 2315 2120 2389; x_wconf 87' lang='lat' dir='ltr'><strong>gativam</strong></span> <span class='ocrx_word' id='word_1_559' title='bbox 2139 2312 2380 2385; x_wconf 88' lang='lat' dir='ltr'><strong>habeat,</strong></span> <span class='ocrx_word' id='word_1_560' title='bbox 2407 2316 2634 2383; x_wconf 89' lang='lat' dir='ltr'><strong>tamen,</strong></span> <span class='ocrx_word' id='word_1_561' title='bbox 2667 2310 3047 2385; x_wconf 88' lang='lat' dir='ltr'><strong>appropriate</strong></span> <span class='ocrx_word' id='word_1_562' title='bbox 3069 2310 3400 2387; x_wconf 87' lang='lat' dir='ltr'><strong>loquendo,</strong></span> 
     </span>
     <span class='ocr_line' id='line_1_74' title="bbox 1856 2404 3404 2480; baseline -0.001 -13"><span class='ocrx_word' id='word_1_563' title='bbox 1856 2408 2224 2468; x_wconf 84' lang='lat' dir='ltr'><strong>beatificatus</strong></span> <span class='ocrx_word' id='word_1_564' title='bbox 2261 2410 2349 2465; x_wconf 88' lang='lat' dir='ltr'><strong>est</strong></span> <span class='ocrx_word' id='word_1_565' title='bbox 2385 2410 2473 2464; x_wconf 86' lang='lat' dir='ltr'><strong>est</strong></span> <span class='ocrx_word' id='word_1_566' title='bbox 2501 2409 2745 2480; x_wconf 89' lang='lat' dir='ltr'><strong>propter</strong></span> <span class='ocrx_word' id='word_1_567' title='bbox 2784 2404 3184 2463; x_wconf 83' lang='lat' dir='ltr'><strong>innocentiam</strong></span> <span class='ocrx_word' id='word_1_568' title='bbox 3214 2423 3229 2462; x_wconf 78' lang='lat' dir='ltr'><strong><em>z</em></strong></span> <span class='ocrx_word' id='word_1_569' title='bbox 3268 2406 3404 2465; x_wconf 87' lang='lat' dir='ltr'><strong>licet</strong></span> 
     </span>
     <span class='ocr_line' id='line_1_75' title="bbox 1859 2498 3404 2575; baseline -0.001 -14"><span class='ocrx_word' id='word_1_570' title='bbox 1859 2502 2019 2561; x_wconf 90' lang='lat' dir='ltr'><strong>enim</strong></span> <span class='ocrx_word' id='word_1_571' title='bbox 2056 2501 2261 2561; x_wconf 88' lang='lat' dir='ltr'><strong>omnia</strong></span> <span class='ocrx_word' id='word_1_572' title='bbox 2288 2517 2421 2575; x_wconf 82' lang='lat' dir='ltr'><strong>quae</strong></span> <span class='ocrx_word' id='word_1_573' title='bbox 2446 2503 2583 2557; x_wconf 90' lang='lat' dir='ltr'><strong>sunt</strong></span> <span class='ocrx_word' id='word_1_574' title='bbox 2605 2498 2867 2557; x_wconf 87' lang='lat' dir='ltr'><strong>hominis</strong></span> <span class='ocrx_word' id='word_1_575' title='bbox 2896 2498 3246 2573; x_wconf 85' lang='lat' dir='ltr'><strong>sumpserit,</strong></span> <span class='ocrx_word' id='word_1_576' title='bbox 3282 2515 3404 2559; x_wconf 90' lang='lat' dir='ltr'><strong>non</strong></span> 
     </span>
     <span class='ocr_line' id='line_1_76' title="bbox 1856 2592 3406 2668; baseline -0.001 -14"><span class='ocrx_word' id='word_1_577' title='bbox 1856 2599 2058 2654; x_wconf 87' lang='lat' dir='ltr'><strong>tamen</strong></span> <span class='ocrx_word' id='word_1_578' title='bbox 2084 2593 2481 2668; x_wconf 89' lang='lat' dir='ltr'><strong>ignorantiam</strong></span> <span class='ocrx_word' id='word_1_579' title='bbox 2511 2596 2569 2650; x_wconf 91' lang='lat' dir='ltr'><strong>et</strong></span> <span class='ocrx_word' id='word_1_580' title='bbox 2593 2596 2921 2666; x_wconf 86' lang='lat' dir='ltr'><strong>peccatum.</strong></span> <span class='ocrx_word' id='word_1_581' title='bbox 2951 2592 3114 2652; x_wconf 88' lang='lat' dir='ltr'><strong>Unde</strong></span> <span class='ocrx_word' id='word_1_582' title='bbox 3140 2593 3266 2667; x_wconf 90' lang='lat' dir='ltr'><strong>ipse</strong></span> <span class='ocrx_word' id='word_1_583' title='bbox 3307 2610 3406 2652; x_wconf 89' lang='lat' dir='ltr'><strong>so-</strong></span> 
     </span>
     <span class='ocr_line' id='line_1_77' title="bbox 1856 2686 3406 2759; baseline -0.001 -12"><span class='ocrx_word' id='word_1_584' title='bbox 1856 2690 1950 2747; x_wconf 88' lang='lat' dir='ltr'><strong>lus</strong></span> <span class='ocrx_word' id='word_1_585' title='bbox 1978 2687 2122 2746; x_wconf 89' lang='lat' dir='ltr'><strong>dicit</strong></span> <span class='ocrx_word' id='word_1_586' title='bbox 2152 2689 2232 2745; x_wconf 78' lang='lat'><strong>¹⁸:</strong></span> <span class='ocrx_word' id='word_1_587' title='bbox 2270 2690 2442 2759; x_wconf 82' lang='lat' dir='ltr'><strong>«Ego</strong></span> <span class='ocrx_word' id='word_1_588' title='bbox 2466 2690 2663 2744; x_wconf 79' lang='lat' dir='ltr'><strong>autem</strong></span> <span class='ocrx_word' id='word_1_589' title='bbox 2700 2686 2764 2743; x_wconf 90' lang='lat' dir='ltr'><strong>in</strong></span> <span class='ocrx_word' id='word_1_590' title='bbox 2782 2686 3121 2745; x_wconf 89' lang='lat' dir='ltr'><strong>innocentia</strong></span> <span class='ocrx_word' id='word_1_591' title='bbox 3152 2702 3289 2745; x_wconf 89' lang='lat' dir='ltr'><strong>mea</strong></span> <span class='ocrx_word' id='word_1_592' title='bbox 3314 2687 3406 2745; x_wconf 92' lang='lat' dir='ltr'><strong>in-</strong></span> 
     </span>
     <span class='ocr_line' id='line_1_78' title="bbox 1857 2778 3407 2855; baseline -0.001 -14"><span class='ocrx_word' id='word_1_593' title='bbox 1857 2798 2092 2855; x_wconf 87' lang='lat' dir='ltr'><strong>gressus</strong></span> <span class='ocrx_word' id='word_1_594' title='bbox 2127 2797 2260 2839; x_wconf 90' lang='lat' dir='ltr'><strong>sum</strong></span> <span class='ocrx_word' id='word_1_595' title='bbox 2277 2824 2299 2853; x_wconf 93' lang='lat'><strong>,</strong></span> <span class='ocrx_word' id='word_1_596' title='bbox 2340 2802 2369 2835; x_wconf 73' lang='grc' dir='ltr'><strong>ιο</strong></span> <span class='ocrx_word' id='word_1_597' title='bbox 2402 2780 2557 2839; x_wconf 87' lang='lat' dir='ltr'><strong>hanc</strong></span> <span class='ocrx_word' id='word_1_598' title='bbox 2601 2779 2824 2837; x_wconf 90' lang='lat' dir='ltr'><strong>scilicet</strong></span> <span class='ocrx_word' id='word_1_599' title='bbox 2866 2778 3313 2837; x_wconf 86' lang='lat' dir='ltr'><strong>beatitudinem.</strong></span> <span class='ocrx_word' id='word_1_600' title='bbox 3360 2783 3407 2840; x_wconf 92' lang='grc' dir='ltr'>Ο</span> 
     </span>
     <span class='ocr_line' id='line_1_79' title="bbox 1859 2873 3408 2947; baseline -0.001 -13"><span class='ocrx_word' id='word_1_601' title='bbox 1859 2879 2042 2947; x_wconf 81' lang='lat' dir='ltr'><strong>neus,</strong></span> <span class='ocrx_word' id='word_1_602' title='bbox 2086 2874 2437 2934; x_wconf 63' lang='lat' dir='ltr'><strong>innocentiae</strong></span> <span class='ocrx_word' id='word_1_603' title='bbox 2473 2873 2790 2942; x_wconf 89' lang='lat' dir='ltr'><strong>restitutor,</strong></span> <span class='ocrx_word' id='word_1_604' title='bbox 2829 2876 2888 2930; x_wconf 88' lang='lat' dir='ltr'><strong>et</strong></span> <span class='ocrx_word' id='word_1_605' title='bbox 2924 2876 3164 2945; x_wconf 89' lang='lat' dir='ltr'><strong>auctor,</strong></span> <span class='ocrx_word' id='word_1_606' title='bbox 3189 2873 3324 2947; x_wconf 90' lang='lat' dir='ltr'><strong>quis</strong></span> <span class='ocrx_word' id='word_1_607' title='bbox 3352 2878 3408 2933; x_wconf 91' lang='lat' dir='ltr'><strong>te</strong></span> 
     </span>
     <span class='ocr_line' id='line_1_80' title="bbox 1857 2965 3408 3042; baseline -0.001 -15"><span class='ocrx_word' id='word_1_608' title='bbox 1857 2969 2095 3027; x_wconf 78' lang='lat' dir='ltr'><strong>mitior?</strong></span> <span class='ocrx_word' id='word_1_609' title='bbox 2114 2968 2248 3042; x_wconf 87' lang='lat' dir='ltr'><strong>quis</strong></span> <span class='ocrx_word' id='word_1_610' title='bbox 2275 2973 2328 3026; x_wconf 89' lang='lat' dir='ltr'><strong>te</strong></span> <span class='ocrx_word' id='word_1_611' title='bbox 2353 2966 2765 3026; x_wconf 72' lang='lat' dir='ltr'><strong>innocentior?</strong></span> <span class='ocrx_word' id='word_1_612' title='bbox 2788 2965 2864 3037; x_wconf 90' lang='lat' dir='ltr'><strong>Si,</strong></span> <span class='ocrx_word' id='word_1_613' title='bbox 2884 2966 3216 3024; x_wconf 89' lang='lat' dir='ltr'><strong>secundum</strong></span> <span class='ocrx_word' id='word_1_614' title='bbox 3237 2967 3408 3042; x_wconf 90' lang='lat' dir='ltr'><strong>quod</strong></span> 
     </span>
     <span class='ocr_line' id='line_1_81' title="bbox 1859 3060 3407 3136; baseline -0.001 -16"><span class='ocrx_word' id='word_1_615' title='bbox 1859 3062 2001 3121; x_wconf 90' lang='lat' dir='ltr'><strong>dicit</strong></span> <span class='ocrx_word' id='word_1_616' title='bbox 2024 3062 2381 3136; x_wconf 82' lang='lat' dir='ltr'><strong>Augustinus</strong></span> <span class='ocrx_word' id='word_1_617' title='bbox 2410 3060 2454 3100; x_wconf 84' lang='lat'><strong>¹⁸</strong></span> <span class='ocrx_word' id='word_1_618' title='bbox 2481 3079 2496 3119; x_wconf 74' lang='grc' dir='ltr'><strong><em>ε</em></strong></span> <span class='ocrx_word' id='word_1_619' title='bbox 2531 3062 2865 3118; x_wconf 79' lang='lat' dir='ltr'><strong>«Innocens</strong></span> <span class='ocrx_word' id='word_1_620' title='bbox 2893 3063 2980 3118; x_wconf 87' lang='lat' dir='ltr'><strong>est</strong></span> <span class='ocrx_word' id='word_1_621' title='bbox 3000 3061 3105 3134; x_wconf 89' lang='lat' dir='ltr'><strong>qui</strong></span> <span class='ocrx_word' id='word_1_622' title='bbox 3131 3075 3243 3119; x_wconf 92' lang='lat' dir='ltr'><strong>nec</strong></span> <span class='ocrx_word' id='word_1_623' title='bbox 3270 3060 3407 3133; x_wconf 90' lang='lat' dir='ltr'><strong>sibi,</strong></span> 
     </span>
     <span class='ocr_line' id='line_1_82' title="bbox 1857 3153 3408 3229; baseline -0.002 -15"><span class='ocrx_word' id='word_1_624' title='bbox 1857 3172 1968 3214; x_wconf 91' lang='lat' dir='ltr'><strong>nec</strong></span> <span class='ocrx_word' id='word_1_625' title='bbox 2007 3155 2112 3214; x_wconf 87' lang='lat' dir='ltr'><strong>alii</strong></span> <span class='ocrx_word' id='word_1_626' title='bbox 2159 3160 2350 3227; x_wconf 90' lang='lat' dir='ltr'><strong>nocet,</strong></span> <span class='ocrx_word' id='word_1_627' title='bbox 2381 3175 2413 3211; x_wconf 69' lang='grc' dir='ltr'><strong>ιο</strong></span> <span class='ocrx_word' id='word_1_628' title='bbox 2447 3154 2575 3229; x_wconf 88' lang='lat' dir='ltr'><strong>ips&#39;e</strong></span> <span class='ocrx_word' id='word_1_629' title='bbox 2614 3169 2736 3213; x_wconf 90' lang='lat' dir='ltr'><strong>non</strong></span> <span class='ocrx_word' id='word_1_630' title='bbox 2767 3153 2966 3211; x_wconf 88' lang='lat' dir='ltr'><strong>solum</strong></span> <span class='ocrx_word' id='word_1_631' title='bbox 2992 3153 3143 3212; x_wconf 92' lang='lat' dir='ltr'><strong>nulli</strong></span> <span class='ocrx_word' id='word_1_632' title='bbox 3174 3154 3408 3227; x_wconf 91' lang='lat' dir='ltr'><strong>nocuit,</strong></span> 
     </span>
     <span class='ocr_line' id='line_1_83' title="bbox 1856 3247 3411 3325; baseline 0.001 -19"><span class='ocrx_word' id='word_1_633' title='bbox 1856 3250 1963 3308; x_wconf 90' lang='lat' dir='ltr'><strong>sed</strong></span> <span class='ocrx_word' id='word_1_634' title='bbox 1991 3249 2273 3308; x_wconf 87' lang='lat' dir='ltr'><strong>omnibus</strong></span> <span class='ocrx_word' id='word_1_635' title='bbox 2297 3248 2551 3325; x_wconf 82' lang='lat' dir='ltr'><strong>profuit:</strong></span> <span class='ocrx_word' id='word_1_636' title='bbox 2576 3252 2634 3307; x_wconf 89' lang='lat' dir='ltr'><strong>et</strong></span> <span class='ocrx_word' id='word_1_637' title='bbox 2662 3250 2864 3305; x_wconf 90' lang='lat' dir='ltr'><strong>tamen</strong></span> <span class='ocrx_word' id='word_1_638' title='bbox 2889 3264 3100 3323; x_wconf 85' lang='lat' dir='ltr'><strong>passus</strong></span> <span class='ocrx_word' id='word_1_639' title='bbox 3125 3247 3236 3306; x_wconf 82' lang='lat' dir='ltr'><strong>fuit</strong></span> <span class='ocrx_word' id='word_1_640' title='bbox 3256 3247 3411 3308; x_wconf 87' lang='lat' dir='ltr'><strong>dura</strong></span> 
     </span>
     <span class='ocr_line' id='line_1_84' title="bbox 1854 3342 3411 3416; baseline 0 -15"><span class='ocrx_word' id='word_1_641' title='bbox 1854 3344 2079 3416; x_wconf 84' lang='lat' dir='ltr'><strong>verba,</strong></span> <span class='ocrx_word' id='word_1_642' title='bbox 2124 3343 2369 3402; x_wconf 89' lang='lat' dir='ltr'><strong>duriora</strong></span> <span class='ocrx_word' id='word_1_643' title='bbox 2421 3342 2700 3414; x_wconf 79' lang='lat' dir='ltr'><strong>verbera,</strong></span> <span class='ocrx_word' id='word_1_644' title='bbox 2742 3345 2800 3400; x_wconf 92' lang='lat' dir='ltr'><strong>et</strong></span> <span class='ocrx_word' id='word_1_645' title='bbox 2839 3342 3140 3400; x_wconf 87' lang='lat' dir='ltr'><strong>horrenda</strong></span> <span class='ocrx_word' id='word_1_646' title='bbox 3202 3342 3411 3401; x_wconf 89' lang='lat' dir='ltr'><strong>mortis</strong></span> 
     </span>
     <span class='ocr_line' id='line_1_85' title="bbox 1856 3435 3412 3513; baseline 0.001 -17"><span class='ocrx_word' id='word_1_647' title='bbox 1856 3437 2169 3513; x_wconf 88' lang='lat' dir='ltr'><strong>supplicia,</strong></span> <span class='ocrx_word' id='word_1_648' title='bbox 2199 3438 2348 3497; x_wconf 88' lang='lat' dir='ltr'><strong>sicut</strong></span> <span class='ocrx_word' id='word_1_649' title='bbox 2374 3437 2517 3496; x_wconf 83' lang='lat' dir='ltr'><strong>dicit</strong></span> <span class='ocrx_word' id='word_1_650' title='bbox 2546 3437 2877 3495; x_wconf 87' lang='lat' dir='ltr'><strong>Bernardus</strong></span> <span class='ocrx_word' id='word_1_651' title='bbox 2905 3437 2975 3494; x_wconf 80' lang='lat'><strong>¹⁸:</strong></span> <span class='ocrx_word' id='word_1_652' title='bbox 3001 3440 3057 3495; x_wconf 92' lang='lat' dir='ltr'><strong>et</strong></span> <span class='ocrx_word' id='word_1_653' title='bbox 3076 3441 3275 3495; x_wconf 88' lang='lat' dir='ltr'><strong>tamen</strong></span> <span class='ocrx_word' id='word_1_654' title='bbox 3301 3435 3412 3497; x_wconf 80' lang='lat' dir='ltr'><strong>fuit</strong></span> 
     </span>
     <span class='ocr_line' id='line_1_86' title="bbox 1855 3529 3411 3606; baseline 0 -17"><span class='ocrx_word' id='word_1_655' title='bbox 1855 3548 2047 3606; x_wconf 89' lang='lat' dir='ltr'><strong>agnus</strong></span> <span class='ocrx_word' id='word_1_656' title='bbox 2070 3531 2197 3590; x_wconf 89' lang='lat' dir='ltr'><strong>sine</strong></span> <span class='ocrx_word' id='word_1_657' title='bbox 2223 3531 2499 3590; x_wconf 86' lang='lat' dir='ltr'><strong>macula:</strong></span> <span class='ocrx_word' id='word_1_658' title='bbox 2529 3534 2587 3589; x_wconf 90' lang='lat' dir='ltr'><strong>et</strong></span> <span class='ocrx_word' id='word_1_659' title='bbox 2614 3534 2769 3589; x_wconf 86' lang='lat' dir='ltr'><strong>certe</strong></span> <span class='ocrx_word' id='word_1_660' title='bbox 2792 3534 3017 3605; x_wconf 91' lang='lat' dir='ltr'><strong>quanto</strong></span> <span class='ocrx_word' id='word_1_661' title='bbox 3046 3529 3411 3589; x_wconf 86' lang='lat' dir='ltr'><strong>mansuetior</strong></span> 
     </span>
     <span class='ocr_line' id='line_1_87' title="bbox 1855 3623 3410 3702; baseline -0.003 -16"><span class='ocrx_word' id='word_1_662' title='bbox 1855 3628 1918 3686; x_wconf 92' lang='lat' dir='ltr'><strong>in</strong></span> <span class='ocrx_word' id='word_1_663' title='bbox 1944 3628 2112 3686; x_wconf 91' lang='lat' dir='ltr'><strong>illata</strong></span> <span class='ocrx_word' id='word_1_664' title='bbox 2140 3625 2389 3702; x_wconf 90' lang='lat' dir='ltr'><strong>injuria,</strong></span> <span class='ocrx_word' id='word_1_665' title='bbox 2420 3629 2582 3684; x_wconf 90' lang='lat' dir='ltr'><strong>tanto</strong></span> <span class='ocrx_word' id='word_1_666' title='bbox 2626 3625 2877 3684; x_wconf 88' lang='lat' dir='ltr'><strong>debetur</strong></span> <span class='ocrx_word' id='word_1_667' title='bbox 2916 3625 2971 3683; x_wconf 93' lang='lat' dir='ltr'><strong>ei</strong></span> <span class='ocrx_word' id='word_1_668' title='bbox 3011 3623 3185 3685; x_wconf 88' lang='lat' dir='ltr'><strong>altior</strong></span> <span class='ocrx_word' id='word_1_669' title='bbox 3218 3623 3410 3682; x_wconf 90' lang='lat' dir='ltr'><strong>beati-</strong></span> 
     </span>
     <span class='ocr_line' id='line_1_88' title="bbox 1854 3718 3410 3794; baseline -0.002 -16"><span class='ocrx_word' id='word_1_670' title='bbox 1854 3721 2077 3779; x_wconf 90' lang='lat' dir='ltr'><strong>tudinis</strong></span> <span class='ocrx_word' id='word_1_671' title='bbox 2102 3719 2311 3794; x_wconf 87' lang='lat' dir='ltr'><strong>gloria.</strong></span> <span class='ocrx_word' id='word_1_672' title='bbox 2344 3719 2445 3777; x_wconf 89' lang='lat' dir='ltr'><strong>Ille</strong></span> <span class='ocrx_word' id='word_1_673' title='bbox 2484 3718 2682 3791; x_wconf 91' lang='lat' dir='ltr'><strong>enim,</strong></span> <span class='ocrx_word' id='word_1_674' title='bbox 2721 3720 2857 3793; x_wconf 89' lang='lat' dir='ltr'><strong>qui,</strong></span> <span class='ocrx_word' id='word_1_675' title='bbox 2900 3718 3230 3776; x_wconf 89' lang='lat' dir='ltr'><strong>secundum</strong></span> <span class='ocrx_word' id='word_1_676' title='bbox 3272 3720 3410 3775; x_wconf 88' lang='lat' dir='ltr'><strong>Ber-</strong></span> 
     </span>
     <span class='ocr_line' id='line_1_89' title="bbox 1853 3810 3410 3886; baseline -0.002 -14"><span class='ocrx_word' id='word_1_677' title='bbox 1853 3814 2115 3873; x_wconf 90' lang='lat' dir='ltr'><strong>nardum</strong></span> <span class='ocrx_word' id='word_1_678' title='bbox 2144 3815 2211 3885; x_wconf 84' lang='lat'><strong>¹⁷,</strong></span> <span class='ocrx_word' id='word_1_679' title='bbox 2239 3812 2350 3871; x_wconf 82' lang='lat' dir='ltr'><strong>fuit</strong></span> <span class='ocrx_word' id='word_1_680' title='bbox 2376 3811 2713 3870; x_wconf 85' lang='lat' dir='ltr'><strong>mitissimus</strong></span> <span class='ocrx_word' id='word_1_681' title='bbox 2752 3827 2931 3886; x_wconf 88' lang='lat' dir='ltr'><strong>super</strong></span> <span class='ocrx_word' id='word_1_682' title='bbox 2967 3827 3175 3869; x_wconf 91' lang='lat' dir='ltr'><strong>omnes</strong></span> <span class='ocrx_word' id='word_1_683' title='bbox 3213 3810 3410 3869; x_wconf 90' lang='lat' dir='ltr'><strong>homi·</strong></span> 
     </span>
     <span class='ocr_line' id='line_1_90' title="bbox 1854 3903 3407 3980; baseline -0.003 -14"><span class='ocrx_word' id='word_1_684' title='bbox 1854 3924 1981 3979; x_wconf 70' lang='lat' dir='ltr'><strong>nea,</strong></span> <span class='ocrx_word' id='word_1_685' title='bbox 2013 3906 2429 3980; x_wconf 88' lang='lat' dir='ltr'><strong>magisterium</strong></span> <span class='ocrx_word' id='word_1_686' title='bbox 2457 3905 2925 3964; x_wconf 86' lang='lat' dir='ltr'><strong>mansuetudinis</strong></span> <span class='ocrx_word' id='word_1_687' title='bbox 2945 3904 3275 3980; x_wconf 88' lang='lat' dir='ltr'><strong>specialiter</strong></span> <span class='ocrx_word' id='word_1_688' title='bbox 3292 3903 3407 3962; x_wconf 88' lang='lat' dir='ltr'><strong>sibi</strong></span> 
     </span>
     <span class='ocr_line' id='line_1_91' title="bbox 1855 3997 3410 4077; baseline -0.002 -18"><span class='ocrx_word' id='word_1_689' title='bbox 1855 4000 2298 4077; x_wconf 85' lang='lat' dir='ltr'><strong>appropriavit,</strong></span> <span class='ocrx_word' id='word_1_690' title='bbox 2345 3998 2548 4057; x_wconf 87' lang='lat' dir='ltr'><strong>dicens</strong></span> <span class='ocrx_word' id='word_1_691' title='bbox 2583 3999 2622 4036; x_wconf 81' lang='lat'><strong>⁸⁸</strong></span> <span class='ocrx_word' id='word_1_692' title='bbox 2656 4017 2672 4057; x_wconf 74' lang='grc' dir='ltr'><strong><em>ε</em></strong></span> <span class='ocrx_word' id='word_1_693' title='bbox 2711 4018 2741 4052; x_wconf 76' lang='grc' dir='ltr'><strong>α</strong></span> <span class='ocrx_word' id='word_1_694' title='bbox 2773 3997 2982 4056; x_wconf 86' lang='lat' dir='ltr'><strong>Discite</strong></span> <span class='ocrx_word' id='word_1_695' title='bbox 3026 4013 3064 4056; x_wconf 92' lang='lat' dir='ltr'><strong>a</strong></span> <span class='ocrx_word' id='word_1_696' title='bbox 3088 4014 3220 4071; x_wconf 89' lang='lat' dir='ltr'><strong>me,</strong></span> <span class='ocrx_word' id='word_1_697' title='bbox 3265 3997 3410 4073; x_wconf 87' lang='lat' dir='ltr'><strong>quia</strong></span> 
     </span>
     <span class='ocr_line' id='line_1_92' title="bbox 1854 4090 3406 4164; baseline -0.003 -11"><span class='ocrx_word' id='word_1_698' title='bbox 1854 4096 2011 4153; x_wconf 88' lang='lat' dir='ltr'><strong>mitis</strong></span> <span class='ocrx_word' id='word_1_699' title='bbox 2040 4110 2175 4152; x_wconf 89' lang='lat' dir='ltr'><strong>sum</strong></span> <span class='ocrx_word' id='word_1_700' title='bbox 2204 4098 2263 4152; x_wconf 89' lang='lat' dir='ltr'><strong>et</strong></span> <span class='ocrx_word' id='word_1_701' title='bbox 2294 4091 2536 4151; x_wconf 90' lang='lat' dir='ltr'><strong>humilis</strong></span> <span class='ocrx_word' id='word_1_702' title='bbox 2564 4091 2776 4163; x_wconf 85' lang='lat' dir='ltr'><strong>corde,</strong></span> <span class='ocrx_word' id='word_1_703' title='bbox 2798 4112 2828 4146; x_wconf 66' lang='lat' dir='ltr'>n</span> <span class='ocrx_word' id='word_1_704' title='bbox 2861 4095 2970 4150; x_wconf 90' lang='lat' dir='ltr'><strong>etc.</strong></span> <span class='ocrx_word' id='word_1_705' title='bbox 3000 4093 3046 4151; x_wconf 91' lang='grc' dir='ltr'><strong>Ο</strong></span> <span class='ocrx_word' id='word_1_706' title='bbox 3081 4090 3406 4164; x_wconf 89' lang='lat' dir='ltr'><strong>serpentini</strong></span> 
     </span>
     <span class='ocr_line' id='line_1_93' title="bbox 1853 4185 3408 4247; baseline -0.003 -1"><span class='ocrx_word' id='word_1_707' title='bbox 1853 4188 1963 4246; x_wconf 90' lang='lat' dir='ltr'><strong>filii</strong></span> <span class='ocrx_word' id='word_1_708' title='bbox 1994 4188 2164 4247; x_wconf 79' lang='lat' dir='ltr'><strong>Adae!</strong></span> <span class='ocrx_word' id='word_1_709' title='bbox 2188 4186 2398 4245; x_wconf 79' lang='lat' dir='ltr'><strong>Adhuc</strong></span> <span class='ocrx_word' id='word_1_710' title='bbox 2424 4185 2595 4243; x_wconf 91' lang='lat' dir='ltr'><strong>multi</strong></span> <span class='ocrx_word' id='word_1_711' title='bbox 2624 4185 2899 4244; x_wconf 82' lang='lat' dir='ltr'><strong>videntur</strong></span> <span class='ocrx_word' id='word_1_712' title='bbox 2928 4185 3004 4243; x_wconf 90' lang='lat' dir='ltr'><strong>de</strong></span> <span class='ocrx_word' id='word_1_713' title='bbox 3031 4200 3260 4243; x_wconf 80' lang='lat' dir='ltr'><strong>veneno</strong></span> <span class='ocrx_word' id='word_1_714' title='bbox 3287 4200 3408 4242; x_wconf 89' lang='lat' dir='ltr'><strong>ser·</strong></span> 
     </span>
     <span class='ocr_line' id='line_1_94' title="bbox 1852 4277 3407 4358; baseline -0.003 -18"><span class='ocrx_word' id='word_1_715' title='bbox 1852 4283 2081 4358; x_wconf 75' lang='lat' dir='ltr'><strong>pontis,</strong></span> <span class='ocrx_word' id='word_1_716' title='bbox 2116 4281 2220 4356; x_wconf 89' lang='lat' dir='ltr'><strong>qui</strong></span> <span class='ocrx_word' id='word_1_717' title='bbox 2245 4280 2438 4340; x_wconf 81' lang='lat' dir='ltr'><strong>Adam</strong></span> <span class='ocrx_word' id='word_1_718' title='bbox 2463 4278 2835 4353; x_wconf 79' lang='lat' dir='ltr'><strong>intoxicavit,</strong></span> <span class='ocrx_word' id='word_1_719' title='bbox 2862 4279 3083 4337; x_wconf 88' lang='lat' dir='ltr'><strong>habere</strong></span> <span class='ocrx_word' id='word_1_720' title='bbox 3110 4278 3172 4336; x_wconf 91' lang='lat' dir='ltr'><strong>in</strong></span> <span class='ocrx_word' id='word_1_721' title='bbox 3209 4277 3407 4336; x_wconf 89' lang='lat' dir='ltr'><strong>cordi-</strong></span> 
     </span>
     <span class='ocr_line' id='line_1_95' title="bbox 1853 4371 3402 4451; baseline -0.002 -18"><span class='ocrx_word' id='word_1_722' title='bbox 1853 4377 1967 4434; x_wconf 89' lang='lat' dir='ltr'><strong>bus</strong></span> <span class='ocrx_word' id='word_1_723' title='bbox 1992 4390 2102 4451; x_wconf 88' lang='lat' dir='ltr'><strong>per</strong></span> <span class='ocrx_word' id='word_1_724' title='bbox 2126 4390 2434 4447; x_wconf 84' lang='lat' dir='ltr'><strong>rancores3</strong></span> <span class='ocrx_word' id='word_1_725' title='bbox 2464 4372 2528 4431; x_wconf 90' lang='lat' dir='ltr'><strong>in</strong></span> <span class='ocrx_word' id='word_1_726' title='bbox 2553 4372 2762 4446; x_wconf 87' lang='lat' dir='ltr'><strong>lingua</strong></span> <span class='ocrx_word' id='word_1_727' title='bbox 2776 4414 2796 4445; x_wconf 95' lang='lat'><strong>,</strong></span> <span class='ocrx_word' id='word_1_728' title='bbox 2831 4388 2940 4448; x_wconf 89' lang='lat' dir='ltr'><strong>per</strong></span> <span class='ocrx_word' id='word_1_729' title='bbox 2964 4371 3402 4447; x_wconf 83' lang='lat' dir='ltr'><strong>blasphemias3</strong></span> 
     </span>
     <span class='ocr_line' id='line_1_96' title="bbox 1855 4467 3401 4543; baseline -0.002 -16"><span class='ocrx_word' id='word_1_730' title='bbox 1855 4470 1917 4527; x_wconf 90' lang='lat' dir='ltr'><strong>in</strong></span> <span class='ocrx_word' id='word_1_731' title='bbox 1969 4468 2278 4540; x_wconf 88' lang='lat' dir='ltr'><strong>manibus,</strong></span> <span class='ocrx_word' id='word_1_732' title='bbox 2324 4483 2433 4543; x_wconf 91' lang='lat' dir='ltr'><strong>per</strong></span> <span class='ocrx_word' id='word_1_733' title='bbox 2472 4467 2884 4542; x_wconf 78' lang='lat' dir='ltr'><strong>oppressiones</strong></span> <span class='ocrx_word' id='word_1_734' title='bbox 2927 4485 2941 4525; x_wconf 91' lang='grc'>;</span> <span class='ocrx_word' id='word_1_735' title='bbox 2984 4483 3122 4525; x_wconf 91' lang='lat' dir='ltr'><strong>cum</strong></span> <span class='ocrx_word' id='word_1_736' title='bbox 3165 4470 3401 4537; x_wconf 87' lang='lat' dir='ltr'><strong>tamen,</strong></span> 
     </span>
     <span class='ocr_line' id='line_1_97' title="bbox 1852 4558 3405 4637; baseline -0.001 -17"><span class='ocrx_word' id='word_1_737' title='bbox 1852 4566 2172 4637; x_wconf 87' lang='lat' dir='ltr'><strong>postquam</strong></span> <span class='ocrx_word' id='word_1_738' title='bbox 2214 4561 2351 4621; x_wconf 86' lang='lat' dir='ltr'><strong>facti</strong></span> <span class='ocrx_word' id='word_1_739' title='bbox 2390 4565 2527 4620; x_wconf 90' lang='lat' dir='ltr'><strong>sunt</strong></span> <span class='ocrx_word' id='word_1_740' title='bbox 2570 4560 2902 4632; x_wconf 87' lang='lat' dir='ltr'><strong>christiani,</strong></span> <span class='ocrx_word' id='word_1_741' title='bbox 2947 4575 3246 4618; x_wconf 79' lang='lat' dir='ltr'><strong>venenum</strong></span> <span class='ocrx_word' id='word_1_742' title='bbox 3287 4558 3405 4618; x_wconf 88' lang='lat' dir='ltr'><strong>tale</strong></span> 
     </span>
     <span class='ocr_line' id='line_1_98' title="bbox 1856 4654 3404 4731; baseline -0.003 -17"><span class='ocrx_word' id='word_1_743' title='bbox 1856 4656 2140 4715; x_wconf 89' lang='lat' dir='ltr'><strong>deberent</strong></span> <span class='ocrx_word' id='word_1_744' title='bbox 2165 4655 2462 4730; x_wconf 88' lang='lat' dir='ltr'><strong>deponere</strong></span> <span class='ocrx_word' id='word_1_745' title='bbox 2497 4656 2560 4713; x_wconf 93' lang='lat' dir='ltr'><strong>in</strong></span> <span class='ocrx_word' id='word_1_746' title='bbox 2598 4672 2758 4731; x_wconf 89' lang='lat' dir='ltr'><strong>aqua</strong></span> <span class='ocrx_word' id='word_1_747' title='bbox 2793 4654 3092 4730; x_wconf 88' lang='lat' dir='ltr'><strong>baptismi.</strong></span> <span class='ocrx_word' id='word_1_748' title='bbox 3130 4656 3284 4726; x_wconf 89' lang='lat' dir='ltr'><strong>Ergo</strong></span> <span class='ocrx_word' id='word_1_749' title='bbox 3296 4692 3316 4722; x_wconf 92' lang='lat'><strong>,</strong></span> <span class='ocrx_word' id='word_1_750' title='bbox 3345 4654 3404 4710; x_wconf 85' lang='lat' dir='ltr'><strong>et</strong></span> 
     </span>
     <span class='ocr_line' id='line_1_99' title="bbox 1854 4745 3400 4825; baseline -0.003 -17"><span class='ocrx_word' id='word_1_751' title='bbox 1854 4765 1926 4808; x_wconf 85' lang='lat' dir='ltr'><strong>ex</strong></span> <span class='ocrx_word' id='word_1_752' title='bbox 1948 4766 2072 4825; x_wconf 86' lang='lat' dir='ltr'><strong>quo</strong></span> <span class='ocrx_word' id='word_1_753' title='bbox 2092 4749 2444 4808; x_wconf 85' lang='lat' dir='ltr'><strong>christianus</strong></span> <span class='ocrx_word' id='word_1_754' title='bbox 2470 4765 2553 4823; x_wconf 91' lang='lat' dir='ltr'><strong>es,</strong></span> <span class='ocrx_word' id='word_1_755' title='bbox 2582 4765 2707 4808; x_wconf 93' lang='lat' dir='ltr'><strong>non</strong></span> <span class='ocrx_word' id='word_1_756' title='bbox 2726 4753 2957 4808; x_wconf 88' lang='lat' dir='ltr'><strong>tantum</strong></span> <span class='ocrx_word' id='word_1_757' title='bbox 2981 4763 3084 4806; x_wconf 73' lang='lat' dir='ltr'><strong>ore</strong></span> <span class='ocrx_word' id='word_1_758' title='bbox 3113 4750 3169 4806; x_wconf 91' lang='lat' dir='ltr'><strong>et</strong></span> <span class='ocrx_word' id='word_1_759' title='bbox 3190 4745 3400 4820; x_wconf 78' lang='lat' dir='ltr'><strong>verbo,</strong></span> 
     </span>
     <span class='ocr_line' id='line_1_100' title="bbox 1853 4840 3400 4921; baseline -0.003 -18"><span class='ocrx_word' id='word_1_760' title='bbox 1853 4845 1961 4903; x_wconf 90' lang='lat' dir='ltr'><strong>sed</strong></span> <span class='ocrx_word' id='word_1_761' title='bbox 1989 4861 2171 4921; x_wconf 88' lang='lat' dir='ltr'><strong>opere</strong></span> <span class='ocrx_word' id='word_1_762' title='bbox 2198 4849 2256 4903; x_wconf 94' lang='lat' dir='ltr'><strong>et</strong></span> <span class='ocrx_word' id='word_1_763' title='bbox 2281 4844 2524 4903; x_wconf 79' lang='lat' dir='ltr'><strong>veritate</strong></span> <span class='ocrx_word' id='word_1_764' title='bbox 2551 4849 2606 4904; x_wconf 89' lang='lat' dir='ltr'><strong>te</strong></span> <span class='ocrx_word' id='word_1_765' title='bbox 2635 4844 2813 4903; x_wconf 90' lang='lat' dir='ltr'><strong>talem</strong></span> <span class='ocrx_word' id='word_1_766' title='bbox 2843 4858 2968 4901; x_wconf 89' lang='lat' dir='ltr'><strong>esse</strong></span> <span class='ocrx_word' id='word_1_767' title='bbox 2997 4840 3243 4900; x_wconf 89' lang='lat' dir='ltr'><strong>ostende</strong></span> <span class='ocrx_word' id='word_1_768' title='bbox 3272 4858 3288 4899; x_wconf 70' lang='grc' dir='ltr'><strong><em>ε</em></strong></span> <span class='ocrx_word' id='word_1_769' title='bbox 3322 4844 3400 4912; x_wconf 90' lang='lat' dir='ltr'><strong>et,</strong></span> 
     </span>
     <span class='ocr_line' id='line_1_101' title="bbox 1852 4935 3399 5007; baseline -0.003 -10"><span class='ocrx_word' id='word_1_770' title='bbox 1852 4943 1918 4998; x_wconf 91' lang='lat' dir='ltr'><strong>ut</strong></span> <span class='ocrx_word' id='word_1_771' title='bbox 1944 4939 2164 4997; x_wconf 86' lang='lat' dir='ltr'><strong>directe</strong></span> <span class='ocrx_word' id='word_1_772' title='bbox 2189 4936 2433 4997; x_wconf 89' lang='lat' dir='ltr'><strong>imiteris</strong></span> <span class='ocrx_word' id='word_1_773' title='bbox 2458 4938 2667 4999; x_wconf 87' lang='lat' dir='ltr'><strong>Christi</strong></span> <span class='ocrx_word' id='word_1_774' title='bbox 2706 4935 3254 5007; x_wconf 86' lang='lat' dir='ltr'><strong>mansuetudinem,</strong></span> <span class='ocrx_word' id='word_1_775' title='bbox 3279 4950 3399 4993; x_wconf 86' lang='lat' dir='ltr'><strong>res-</strong></span> 
     </span>
    </p>
   </div>
   <div class='ocr_carea' id='block_1_8' title="bbox 1853 5112 3384 5323">
    <p class='ocr_par' dir='ltr' id='par_1_12' title="bbox 1853 5112 3384 5323">
     <span class='ocr_line' id='line_1_102' title="bbox 1853 5112 3384 5180; baseline -0.005 -13"><span class='ocrx_word' id='word_1_776' title='bbox 1853 5116 1892 5151; x_wconf 82' lang='lat'><strong>¹⁸</strong></span> <span class='ocrx_word' id='word_1_777' title='bbox 1918 5115 2057 5167; x_wconf 77' lang='lat' dir='ltr'><strong>Psal.</strong></span> <span class='ocrx_word' id='word_1_778' title='bbox 2090 5126 2213 5179; x_wconf 62' lang='grc' dir='ltr'><strong>ην,</strong></span> <span class='ocrx_word' id='word_1_779' title='bbox 2249 5121 2321 5166; x_wconf 84' lang='grc' dir='ltr'><strong>Η.</strong></span> <span class='ocrx_word' id='word_1_780' title='bbox 2361 5142 2414 5152; x_wconf 90' lang='grc'>-</span> <span class='ocrx_word' id='word_1_781' title='bbox 2455 5117 2491 5147; x_wconf 74' lang='lat'><strong>¹⁵</strong></span> <span class='ocrx_word' id='word_1_782' title='bbox 2517 5119 2668 5180; x_wconf 63' lang='lat' dir='ltr'><strong>Aug„</strong></span> <span class='ocrx_word' id='word_1_783' title='bbox 2708 5117 2887 5166; x_wconf 83' lang='lat' dir='ltr'><strong>Enarr.</strong></span> <span class='ocrx_word' id='word_1_784' title='bbox 2916 5115 2970 5163; x_wconf 80' lang='lat' dir='ltr'><strong>in</strong></span> <span class='ocrx_word' id='word_1_785' title='bbox 3004 5112 3142 5164; x_wconf 74' lang='lat' dir='ltr'><strong>Psal.</strong></span> <span class='ocrx_word' id='word_1_786' title='bbox 3169 5127 3226 5178; x_wconf 89' lang='lat' dir='ltr'><strong>c,</strong></span> <span class='ocrx_word' id='word_1_787' title='bbox 3256 5127 3308 5164; x_wconf 93' lang='lat' dir='ltr'><strong>n.</strong></span> <span class='ocrx_word' id='word_1_788' title='bbox 3338 5113 3384 5160; x_wconf 75' lang='lat' dir='ltr'><strong>t.</strong></span> 
     </span>
     <span class='ocr_line' id='line_1_103' title="bbox 1853 5185 3384 5251; baseline 0.001 -13"><span class='ocrx_word' id='word_1_789' title='bbox 1853 5214 1914 5225; x_wconf 91' lang='lat'>—</span> <span class='ocrx_word' id='word_1_790' title='bbox 1943 5189 1987 5223; x_wconf 84' lang='lat'><strong>¹⁸</strong></span> <span class='ocrx_word' id='word_1_791' title='bbox 2031 5190 2183 5239; x_wconf 87' lang='lat' dir='ltr'><strong>Bern.</strong></span> <span class='ocrx_word' id='word_1_792' title='bbox 2213 5214 2275 5225; x_wconf 96' lang='lat'>—</span> <span class='ocrx_word' id='word_1_793' title='bbox 2314 5189 2353 5224; x_wconf 86' lang='lat'><strong>¹⁷</strong></span> <span class='ocrx_word' id='word_1_794' title='bbox 2394 5187 2488 5251; x_wconf 88' lang='lat' dir='ltr'><strong>ld.,</strong></span> <span class='ocrx_word' id='word_1_795' title='bbox 2523 5189 2578 5237; x_wconf 75' lang='lat' dir='ltr'><strong>in</strong></span> <span class='ocrx_word' id='word_1_796' title='bbox 2615 5188 2817 5238; x_wconf 76' lang='lat' dir='ltr'><strong>conver.</strong></span> <span class='ocrx_word' id='word_1_797' title='bbox 2847 5188 2903 5236; x_wconf 88' lang='lat' dir='ltr'><strong>S.</strong></span> <span class='ocrx_word' id='word_1_798' title='bbox 2935 5185 3113 5249; x_wconf 80' lang='lat' dir='ltr'><strong>Pauli,</strong></span> <span class='ocrx_word' id='word_1_799' title='bbox 3141 5198 3295 5237; x_wconf 80' lang='lat' dir='ltr'><strong>serm.</strong></span> <span class='ocrx_word' id='word_1_800' title='bbox 3325 5196 3384 5240; x_wconf 68' lang='grc' dir='ltr'><strong>ιε.</strong></span> 
     </span>
     <span class='ocr_line' id='line_1_104' title="bbox 1853 5258 2593 5323; baseline 0.003 -14"><span class='ocrx_word' id='word_1_801' title='bbox 1853 5274 1904 5309; x_wconf 93' lang='lat' dir='ltr'><strong>n.</strong></span> <span class='ocrx_word' id='word_1_802' title='bbox 1941 5264 1985 5309; x_wconf 82' lang='grc'><strong>1.</strong></span> <span class='ocrx_word' id='word_1_803' title='bbox 2023 5287 2072 5300; x_wconf 77' lang='lat'><strong>.-</strong></span> <span class='ocrx_word' id='word_1_804' title='bbox 2110 5259 2153 5295; x_wconf 82' lang='lat'><strong>¹⁸</strong></span> <span class='ocrx_word' id='word_1_805' title='bbox 2181 5258 2381 5323; x_wconf 68' lang='lat' dir='ltr'><strong>nauh„</strong></span> <span class='ocrx_word' id='word_1_806' title='bbox 2412 5270 2485 5319; x_wconf 68' lang='grc' dir='ltr'><strong>ιι,</strong></span> <span class='ocrx_word' id='word_1_807' title='bbox 2516 5262 2593 5311; x_wconf 82' lang='grc'><strong>29.</strong></span> 
     </span>
    </p>
   </div>
   <div class='ocr_carea' id='block_1_9' title="bbox 1855 5347 3376 5485">
    <p class='ocr_par' dir='ltr' id='par_1_13' title="bbox 1855 5347 3376 5485">
     <span class='ocr_line' id='line_1_105' title="bbox 1919 5347 3376 5417; baseline 0 -19"><span class='ocrx_word' id='word_1_808' title='bbox 1919 5350 1981 5413; x_wconf 84' lang='lat' dir='ltr'><strong>(a)</strong></span> <span class='ocrx_word' id='word_1_809' title='bbox 2034 5349 2157 5400; x_wconf 78' lang='lat' dir='ltr'><strong>Cat.</strong></span> <span class='ocrx_word' id='word_1_810' title='bbox 2201 5347 2322 5401; x_wconf 77' lang='lat' dir='ltr'><strong>edit.</strong></span> <span class='ocrx_word' id='word_1_811' title='bbox 2370 5348 2619 5401; x_wconf 71' lang='lat' dir='ltr'><strong>salutaris.</strong></span> <span class='ocrx_word' id='word_1_812' title='bbox 2667 5376 2728 5388; x_wconf 90' lang='lat'><strong>——</strong></span> <span class='ocrx_word' id='word_1_813' title='bbox 2785 5347 2850 5413; x_wconf 80' lang='grc' dir='ltr'><strong>(ὁ)</strong></span> <span class='ocrx_word' id='word_1_814' title='bbox 2909 5348 3026 5417; x_wconf 73' lang='lat' dir='ltr'><strong>laeq.</strong></span> <span class='ocrx_word' id='word_1_815' title='bbox 3078 5352 3267 5403; x_wconf 67' lang='lat' dir='ltr'><strong>autem.</strong></span> <span class='ocrx_word' id='word_1_816' title='bbox 3324 5375 3376 5387; x_wconf 93' lang='lat'><strong>-·-</strong></span> 
     </span>
     <span class='ocr_line' id='line_1_106' title="bbox 1855 5419 2349 5485; baseline 0 -14"><span class='ocrx_word' id='word_1_817' title='bbox 1855 5422 1915 5485; x_wconf 80' lang='lat' dir='ltr'><strong>(c)</strong></span> <span class='ocrx_word' id='word_1_818' title='bbox 1944 5422 2067 5473; x_wconf 77' lang='lat' dir='ltr'><strong>Caet.</strong></span> <span class='ocrx_word' id='word_1_819' title='bbox 2095 5419 2221 5471; x_wconf 74' lang='lat' dir='ltr'><strong>edit.</strong></span> <span class='ocrx_word' id='word_1_820' title='bbox 2253 5426 2349 5477; x_wconf 80' lang='lat' dir='ltr'><strong>est.</strong></span> 
     </span>
    </p>
   </div>
  </div>
 </body>
</html>
