4059 6317
1063 464 1306 539 FERIA
1348 473 1404 539 ΙΙ
1449 471 1648 540 POST
1690 471 2025 541 PASGHA.
2069 470 2333 542 SERMO
2377 474 2488 540 lll.

209 604 324 671 lum
345 603 631 689 relinqui,
660 622 951 673 asserens
970 607 1141 689 quod
1160 610 1318 675 tunc
1342 609 1548 675 dicere
1571 625 1712 694 pos-

207 717 303 790 set,
326 730 650 796 nunquam
695 712 1051 796 principem
1087 714 1369 799 aliquem
1407 720 1544 782 tam
1568 734 1712 781 ma-

207 837 383 901 gnum
431 819 674 884 donum
715 820 984 887 dedisse.
1032 820 1196 899 Quid
1243 840 1405 904 ergo
1448 840 1567 888 nos
1611 822 1709 888 di·

206 945 409 1007 cemus»,
440 945 589 993 cum
632 944 765 991 non
806 927 1017 993 solum
1055 929 1273 995 oculos
1290 979 1308 1009 ,
1356 930 1467 996 sed
1494 929 1712 996 omnia

204 1035 479 1113 membra,
504 1041 564 1099 et
591 1035 799 1117 ipsam
839 1035 1124 1101 animam
1162 1037 1350 1103 nobis
1389 1036 1556 1103 Deus
1593 1037 1708 1102 de·

203 1142 372 1207 derit?
404 1141 610 1223 Ligna
637 1160 793 1207 vero
820 1146 975 1207 sunt
1014 1142 1245 1209 Christi
1280 1144 1598 1211 naturalia
1638 1144 1709 1209 in

203 1253 375 1314 morte
400 1267 515 1333 pro
539 1249 727 1314 nobis
747 1249 1002 1328 tradita,
1032 1254 1096 1315 et
1117 1269 1232 1334 per
1256 1251 1398 1335 ipsa
1423 1252 1568 1332 alia,
1594 1252 1710 1317 sci-

201 1354 320 1421 licet
342 1357 851 1436 sacramentalia,
879 1357 1265 1440 spiritualia,
1300 1363 1365 1424 et
1410 1359 1705 1443 redemp-

200 1462 455 1541 tionalia‚
490 1467 555 1529 et
590 1469 864 1541 aeterna,
911 1483 1061 1547 quae
1095 1466 1386 1531 sacerdos
1425 1466 1709 1535 Christus

200 1589 296 1653 per
314 1571 595 1653 singulos
622 1571 757 1635 dies
795 1571 1076 1653 subjicit,
1103 1572 1261 1637 dum
1283 1574 1564 1656 quotidie
1591 1574 1707 1638 be-

199 1678 392 1744 neficia
413 1679 600 1744 nobis
625 1678 949 1761 expendit,
976 1679 1082 1743 vel
1106 1680 1420 1762 impensa,
1450 1681 1557 1747 vel
1581 1681 1706 1745 im-

199 1786 495 1868 pendenda
534 1786 618 1851 ad
664 1790 946 1851 mentem
989 1787 1171 1852 nobis
1233 1788 1495 1854 reducit.
1557 1789 1710 1855 naec

198 1909 333 1974 ergo
374 1897 519 1957 sunt
561 1892 781 1975 ligna,
833 1891 905 1956 hi
973 1897 1125 1957 sunt
1170 1895 1475 1959 carbones
1530 1896 1702 1975 vivi,

198 1999 402 2081 quibus
426 2018 534 2065 cor
561 2005 751 2064 tuum
788 1999 1012 2064 ardere
1051 2001 1236 2067 debet
1272 2020 1386 2084 per
1423 2002 1704 2067 dilectio-

197 2124 342 2186 nem,
364 2108 492 2173 imo
511 2112 575 2172 et
591 2108 842 2173 fumare
859 2107 1046 2173 debet
1061 2126 1173 2191 per
1188 2109 1634 2175 contritionem
1645 2113 1663 2147 ¹
1685 2135 1701 2176 ε

203 2236 229 2273 e
249 2213 446 2279 cordis
470 2216 614 2297 ejus
652 2215 1032 2298 particulam
1069 2217 1122 2280 si
1163 2234 1358 2299 super
1402 2218 1708 2285 carbones

194 2339 389 2404 ponaS,
417 2323 633 2388 fumus
662 2325 806 2408 ejus
833 2323 1099 2390 extricat
1126 2342 1316 2392 omne
1346 2344 1555 2409 genus
1580 2326 1708 2394 dae-

194 2446 554 2495 momorum.
576 2452 610 2490 u

260 2535 337 2602 De
359 2542 581 2621 quarto
609 2540 681 2603 ⁸:
721 2560 752 2599 α
787 2537 970 2617 Quod
995 2544 1212 2606 autem
1237 2541 1307 2605 in
1330 2544 1572 2608 terram
1597 2544 1706 2609 bo-

195 2661 343 2725 um,
369 2645 436 2709 hi
461 2650 614 2711 sunt
639 2646 753 2729 qui
779 2646 848 2710 in
879 2647 1067 2712 corde
1093 2647 1264 2713 bono
1289 2653 1352 2713 et
1378 2651 1644 2733 optimo,
1664 2673 1696 2712 ι»

194 2755 293 2815 etc.
319 2751 578 2817 Fructus
603 2752 755 2817 boni
783 2753 994 2818 cordis
1017 2758 1171 2819 sunt
1204 2755 1374 2820 bona
1410 2775 1604 2841 opera
1630 2759 1653 2796 ⁸
1685 2781 1701 2824 ε

202 2859 311 2925 «lu
339 2863 511 2927 omni
545 2880 740 2946 opere
783 2863 953 2927 bono
990 2863 1467 2931 tructiflcantes.
1512 2890 1543 2929 n
1580 2869 1703 2935 Sed

195 2986 278 3032 vae
302 2973 478 3036 terrae
517 2970 724 3037 cordis
765 2971 1034 3036 humani
1049 3021 1065 3052 ,
1107 2991 1256 3056 quae
1289 2993 1420 3040 non
1459 2978 1706 3043 fructus

195 3077 559 3159 meritorum,
578 3078 691 3144 sed
716 3078 933 3161 spinas
956 3079 1194 3162 profert
1220 3090 1623 3165 peccatorum
1655 3087 1699 3151 ⁸:

203 3206 230 3243 «ι
250 3183 422 3251 Terra
449 3187 623 3252 enim
664 3202 835 3271 saepe
872 3189 1237 3255 venientem
1262 3210 1456 3274 super
1497 3212 1565 3259 se
1602 3195 1710 3260 bi-.

196 3291 328 3356 bens
347 3294 638 3375 imbrem,
668 3300 735 3359 et
758 3295 1130 3377 germinans
1155 3298 1425 3364 herbam
1466 3319 1699 3385 oppor-

195 3407 387 3464 tunam
411 3401 566 3480 illis,
597 3421 637 3465 a
663 3403 900 3485 quibus
925 3403 1272 3486 colligitur,
1321 3407 1548 3491 accipit
1587 3410 1700 3474 be·

195 3506 582 3574 nedictionem
613 3528 655 3573 a
675 3509 838 3590 Deo;
870 3512 1198 3594 proferens
1233 3518 1450 3579 autem
1488 3516 1704 3599 spinas

195 3615 529 3696 ettribulos,
556 3618 853 3701 reproba,
883 3623 947 3684 et
967 3619 1301 3687 maledicto
1327 3622 1693 3705 proxima.»

196 3718 321 3786 Haec
342 3728 431 3788 aet
451 3725 811 3791 benedictio
826 3774 849 3805 ‚
876 3746 1024 3810 quae
1050 3728 1562 3795 misericordibus
1586 3731 1697 3796 da-

196 3827 342 3895 bitur
363 3832 723 3917 injudicio,
752 3834 917 3898 sicut
938 3834 1004 3899 ⁸:
1047 3858 1079 3894 u
1117 3834 1376 3902 Esurivi
1401 3837 1570 3902 enim
1584 3884 1607 3917 ‚
1637 3843 1704 3904 et

194 3934 418 4003 dedistis
458 3941 626 4004 mihi
646 3988 666 4020 ,
725 3962 757 4001 n
808 3945 925 4005 etc.
972 3940 1135 4018 Quid
1173 3962 1332 4026 ergo
1373 3945 1451 4010 de
1492 3949 1701 4029 profe-

195 4046 444 4112 rentibus
464 4048 681 4132 spinas
715 4048 1052 4132 nequitiae,
1096 4069 1245 4116 cum
1289 4051 1703 4122 maledicatur

196 4151 287 4231 qui
309 4171 429 4218 non
452 4155 650 4220 habet
676 4156 840 4221 ficus
868 4157 1356 4226 misericordiaei
1387 4160 1542 4240 Quae
1569 4183 1700 4230 ma-

196 4252 405 4326 ledictio
440 4262 801 4346 significata
838 4268 933 4329 est
971 4265 994 4301 ⁸
1012 4312 1036 4343 ,
1076 4266 1191 4331 ubi
1230 4268 1390 4335 ficus
1432 4271 1697 4338 maledi-

197 4366 350 4434 citur.

700 4535 989 4607 SERMO
1035 4538 1151 4608 III.

260 4690 536 4764 Surrexit
590 4697 904 4765 Dominus
954 4716 1096 4767 vere
1154 4701 1200 4765 ⁷.
1248 4700 1534 4770 Notabile
1599 4711 1696 4773 est

195 4801 334 4880 quod
357 4803 642 4887 discipuli
669 4803 895 4869 dicunt
918 4823 1076 4874 vere.
1105 4810 1186 4873 Et
1212 4810 1404 4892 Juxta
1430 4812 1553 4878 hoc
1581 4833 1697 4880 no-

193 4907 440 4991 tandum,
468 4910 641 4995 quod
668 4911 742 4974 in
770 4910 1098 4997 Scriptura
1123 4916 1245 4981 sub
1292 4921 1692 4988 attestatione

193 5015 439 5081 veritatis
464 5018 647 5083 nobis
673 5017 1091 5086 insinuantur
1117 5032 1397 5106 quatuor
1421 5028 1499 5093 de
1524 5029 1653 5095 Deo
1667 5079 1688 5110 ,

191 5118 440 5188 videlicet
463 5125 772 5209 potentia,
806 5125 1133 5209 sapientia,
1167 5130 1520 5217 clementia,
1547 5156 1692 5221 pro·

189 5225 432 5296 videntia
456 5233 699 5298 divina.

239 5390 397 5455 ιΝι,
421 5406 496 5457 vi,
520 5397 571 5446 8.
600 5421 663 5434 —-
697 5394 721 5429 ¹
747 5393 883 5455 Luc„
911 5404 1026 5459 vm,
1057 5398 1133 5447 15.
1154 5424 1217 5437 -
1248 5400 1268 5432 ³
1293 5401 1498 5470 coloss„
1533 5418 1582 5468 1,
1613 5410 1691 5458 1ο.

187 5480 238 5496 -
259 5462 276 5492 ⁴
300 5463 455 5529 Helm,
482 5478 554 5528 vr,
584 5468 690 5517 7·8.
717 5491 781 5504 -
807 5466 830 5501 ⁸
859 5464 1064 5530 nauh„
1091 5480 1214 5534 ην,
1238 5473 1318 5523 35.
1342 5501 1406 5514 -
1432 5478 1452 5511 ⁰
1483 5478 1695 5541 Mutela,

3244 474 3366 538 223

1899 607 1990 674 De
2026 608 2237 693 primo
2291 612 2448 677 nota
2490 609 2666 692 quod
2708 604 3085 675 Heliodorus
3109 609 3135 646 ⁸
3153 656 3172 689 ,
3215 624 3365 673 cum

1819 716 2195 783 thesaurum
2221 718 2435 784 aerarii
2462 715 2679 799 templi
2704 714 3223 798 lerosolymitani
3238 734 3364 782 au·

1818 824 1985 889 ferre
2026 825 2256 905 vellet,
2318 843 2430 909 per
2475 824 2695 889 militis
2743 824 2845 905 cuj
2856 822 3080 888 usdam
3098 870 3120 902 ,
3171 840 3368 888 aurea

1819 950 2002 996 arma
2018 933 2335 1012 habentis,
2356 933 2600 1015 priores
2617 930 2767 1014 equi
2783 929 2982 996 calces
2999 928 3204 995 illisus
3219 929 3363 995 fuit.

1821 1038 1998 1104 Unde
2025 1039 2463 1122 interrogatus
2480 1058 2521 1104 a
2536 1056 2714 1121 rege,
2746 1038 3027 1121 quicum
3055 1037 3316 1103 miserat
3342 1059 3361 1103 z

1828 1169 1860 1209 α
1888 1147 2191 1224 Quisnam
2218 1149 2382 1213 esset
2405 1150 2594 1230 aptus
2635 1146 2846 1211 adhuc
2873 1143 3071 1210 semel
3111 1142 3367 1209 Jeroso-

1818 1253 2064 1339 lymam
2093 1254 2299 1319 mitti?
2325 1277 2357 1316 ι»
2394 1254 2483 1318 ait
2514 1275 2529 1318 :
2574 1276 2607 1316 a
2632 1252 2963 1336 Siquidem
2986 1251 3182 1317 habes
3209 1253 3365 1317 hos-

1817 1365 1975 1442 tem,
2004 1367 2119 1429 aut
2144 1363 2332 1446 regni
2360 1363 2455 1428 tui
2481 1361 2946 1440 insidiatorem,
2978 1360 3158 1425 mitte
3184 1359 3359 1440 illuc,

1818 1475 1882 1536 et
1907 1471 2311 1553 flagellatum
2337 1489 2489 1537 eum
2516 1469 2816 1551 recipies,
2862 1468 2917 1531 si
2956 1472 3172 1532 tamen
3217 1486 3365 1533 eva-

1817 1582 1972 1645 serit
2000 1603 2017 1645 :
2051 1604 2083 1641 »
2120 1581 2528 1664 subJ'ungens
2560 1603 2575 1644 :
2615 1600 2646 1639 α
2674 1577 2766 1643 Eo
2793 1577 2966 1661 quod
2993 1576 3061 1642 in
3085 1576 3226 1643 loco
3250 1576 3363 1643 illo

1817 1688 2082 1753 vere-sit
2108 1689 2218 1753 Dei
2247 1688 2542 1772 quaedam
2570 1685 2806 1764 virtus,
2852 1706 2883 1745 n
2912 1687 3031 1750 etc.
3075 1683 3363 1750 Timeant

1817 1795 2145 1860 invasores
2170 1795 2461 1861 locorum
2486 1812 2839 1859 sacrorum.
2870 1792 3129 1875 Mystice
3145 1796 3360 1858 autem

1817 1920 1934 1967 rex
1959 1903 2081 1967 iste
2105 1902 2396 1968 diabolus
2418 1906 2516 1967 est
2538 1901 2560 1939 ⁸
2593 1924 2609 1966 ε
2649 1923 2681 1961 <1
2709 1901 2850 1986 Ipse
2876 1905 2973 1965 est
2999 1918 3139 1978 rex,
3168 1922 3200 1961 n
3238 1904 3359 1965 etc.

1817 2008 2024 2075 Homo
2052 2028 2232 2089 vero,
2266 2009 2376 2074 Dei
2405 2009 2715 2093 templum
2733 2011 2779 2051 ¹⁰
2801 2027 2863 2073 :a
2888 2007 3229 2091 Templum
3249 2008 3362 2074 Dei

1815 2117 1967 2182 estis
1992 2134 2131 2198 vos,
2165 2121 2229 2182 et
2255 2116 2532 2200 Spiritus
2570 2119 2829 2181 sanctus
2853 2114 3099 2180 habitat
3132 2115 3202 2180 in
3240 2133 3359 2181 vo-

1814 2224 1934 2289 bis,
1977 2246 2009 2285 ι
2045 2223 2367 2288 AErarium
2404 2226 2501 2288 est
2542 2241 2653 2288 cor
2685 2222 2879 2307 justi,
2922 2222 2993 2287 in
3038 2240 3167 2305 quo
3213 2227 3362 2288 sunt

1814 2331 2100 2397 thesauri
2127 2331 2442 2397 virtutum
2467 2334 2532 2395 et
2560 2329 2933 2395 meritorum
2960 2335 3004 2372 ¹¹
3034 2350 3051 2393 ε
3089 2352 3121 2392 α
3143 2328 3360 2395 Bonus

1814 2438 2009 2504 homo
2054 2438 2133 2504 de
2171 2439 2343 2504 bono
2384 2437 2686 2503 thesauro
2730 2435 2938 2503 cordis
2984 2436 3119 2517 sui,
3167 2457 3200 2498 n
3235 2441 3353 2503 etc.

1813 2544 2030 2611 Nuntii
2067 2548 2208 2630 ejus
2240 2545 2472 2611 diaboli
2515 2549 2664 2610 sunt
2707 2545 3003 2613 homines
3038 2546 3354 2628 perversi,

1813 2654 1924 2736 qui
1945 2653 2318 2718 thesaurum
2344 2653 2539 2717 istum
2560 2652 2813 2717 auferre
2839 2655 3178 2728 conantur,
3198 2651 3355 2717 dum

1811 2759 2014 2825 bonos
2040 2761 2122 2826 ad
2148 2763 2472 2843 peccatum
2498 2759 2701 2839 tactiS,
2731 2758 2835 2823 vel
2863 2759 3076 2824 verbis
3103 2765 3345 2842 pertra-

1810 2867 2004 2931 hunt.
2035 2866 2383 2931 Alliciendo
2420 2866 2597 2931 enim
2627 2869 2689 2930 te
2716 2864 2797 2931 ad
2834 2864 3162 2931 luxuriam
3180 2911 3203 2943 ,
3229 2884 3353 2930 au-

1809 2973 2024 3037 ferunt
2050 2973 2428 3038 thesaurum
2455 2971 2896 3050 continentiae;
2941 2971 2995 3034 si
3022 2970 3266 3035 laedunt
3292 2973 3355 3039 te

1811 3080 2023 3146 verbis
2056 3080 2345 3159 attactis,
2389 3080 2689 3145 auferunt
2731 3077 3108 3144 thesaurum
3147 3078 3352 3142 chari-

1807 3189 1975 3268 tatis,
1998 3188 2156 3254 dum
2174 3207 2282 3254 eos
2299 3189 2459 3253 odis,
2484 3187 2834 3271 Gregorius
2859 3189 2907 3224 ¹¹
2926 3205 2988 3251 :a
3007 3186 3145 3252 Non
3172 3188 3354 3251 curat

1810 3299 2110 3383 antiquus
2134 3299 2356 3380 hostis,
2388 3303 2462 3363 ut
2497 3298 2873 3382 temporalia
2899 3297 3106 3377 tollat,
3137 3297 3244 3361 sed
3276 3300 3350 3361 ut

1809 3407 2185 3471 charitatem
2228 3407 2298 3470 in
2335 3406 2524 3470 nobis
2580 3406 2781 3470 finiat.
2827 3425 2858 3463 ιι
2908 3402 3030 3469 Per
3070 3403 3348 3487 equitem

1809 3518 2025 3579 autem
2050 3512 2452 3596 significatur
2475 3511 2785 3593 ChristuS,
2811 3513 2999 3595 cujus
3023 3530 3230 3595 equus
3250 3516 3348 3577 est

1808 3642 1955 3688 caro
1997 3645 2012 3687 ε
2067 3622 2145 3688 de
2186 3639 2318 3705 quo
2355 3621 2677 3686 descendit
2728 3620 2796 3683 in
2845 3624 3111 3685 mortem
3132 3667 3154 3699 ,
3195 3619 3350 3685 dum

1806 3731 2023 3797 anima
2048 3733 2339 3813 separata
2370 3728 2491 3793 fuit
2517 3747 2557 3793 a
2581 3746 2794 3793 carne.
2837 3725 2999 3793 Vere
3024 3730 3244 3791 autem
3269 3728 3350 3790 ad

1807 3855 2050 3921 equum
2077 3854 2270 3902 suum
2303 3835 2493 3900 rediit
2531 3834 2601 3898 in
2628 3834 3097 3899 resurrectione
3126 3855 3142 3898 ε
3173 3835 3348 3901 Sur-

1807 3948 1983 4014 rexit
2006 3943 2178 4009 enim
2206 3942 2524 4009 Dominus
2550 3957 2717 4008 vere.
2747 3939 2910 4006 Nam
2956 3941 3091 4025 ipse
3128 3943 3349 4006 certis-

1806 4053 1967 4118 sime
1989 4056 2085 4117 est
2105 4052 2217 4117 Dei
2241 4051 2473 4117 virtus.
2518 4051 2735 4116 Aurea
2778 4067 2934 4115 vero
2976 4066 3160 4115 arma
3202 4054 3353 4114 sunt

1806 4160 2302 4227 immortalitatis
2348 4159 2627 4236 donum;
2673 4161 2739 4222 et
2784 4155 2911 4220 alia
2956 4155 3160 4235 dona,
3215 4174 3349 4222 cor·

1805 4268 1981 4351 poris
2018 4268 2417 4332 indumenta.
2456 4264 2573 4330 Hic
2617 4281 2820 4348 equus
2860 4262 3045 4327 illidit
3091 4262 3346 4326 malefa-

1805 4377 2040 4441 cientes
2056 4376 2124 4440 in
2144 4375 2444 4458 praesenti
2464 4372 2886 4456 corripiendo,
2916 4371 3020 4440 vel
3042 4371 3108 4435 in
3126 4371 3347 4437 futuro

1803 4483 2193 4548 damnando,

1881 4589 1971 4655 De
1983 4591 2288 4669 secundo,
2300 4596 2450 4657 nota
2464 4590 2795 4674 quodcum
2809 4587 3029 4655 Daniel
3036 4582 3354 4655 somnium

1800 4697 1879 4764 de
1895 4700 2130 4778 statua,
2152 4702 2217 4762 et
2233 4697 2312 4762 de
2327 4696 2536 4779 lapide
2563 4696 2841 4761 abscisso
2876 4696 2955 4762 de
2975 4700 3189 4762 monte
3213 4695 3349 4759 sine

1799 4805 2099 4871 manibus
2129 4810 2193 4869 et
2229 4807 2508 4868 statuam
2535 4805 2899 4869 conterente
2915 4851 2933 4882 ‚
2959 4802 3354 4886 exposuisset

1799 4912 1852 4978 N
1855 4911 2422 4990 abuchodonorosi,
2437 4911 2574 4993 ipse
2590 4908 3169 4976 Nabuchodonosor
3179 4909 3270 4974 ait
3283 4911 3348 4972 ¹⁸:

1807 5043 1838 5082 α
1854 5020 2015 5086 Vere
2038 5020 2203 5085 Deus
2229 5023 2440 5085 vester
2456 5018 2621 5084 Deus
2635 5018 2904 5083 deorum
2922 5023 3039 5098 est,
3061 5022 3126 5082 et
3141 5016 3350 5084 Domi-

1798 5146 1926 5193 nus
1950 5144 2208 5208 regum,
2237 5124 2530 5191 revelans
2546 5124 2870 5207 mysteria.
2892 5123 3095 5190 »Vere
3116 5139 3356 5204 magna

1798 5267 1911 5318 ιιι,
1947 5255 2026 5304 19.
2056 5277 2117 5289 -
2143 5253 2165 5289 ‘¹
2191 5252 2332 5315 Luc„
2365 5261 2511 5314 xxiv,
2544 5251 2624 5300 34.
2653 5274 2715 5288 —
2755 5250 2774 5279 ⁸
2800 5250 2843 5300 ll
2872 5249 3059 5308 Μαοὴ..
3087 5259 3178 5311 ιιι,
3206 5249 3269 5298 25
3303 5250 3357 5298 et

1798 5340 1992 5392 seq.—
2015 5325 2040 5360 ⁹
2067 5323 2179 5387 Job,
2211 5334 2322 5387 xm,
2347 5325 2428 5374 25.
2457 5347 2511 5358 -
2546 5322 2587 5353 ¹·
2615 5322 2631 5372 l
2668 5320 2806 5381 Cor„
2835 5332 2918 5384 ιιι,
2952 5323 3109 5372 1Β.-
3137 5320 3179 5356 ¹¹
3206 5318 3348 5380 Luc..

1800 5410 1872 5461 vi,
1917 5401 1995 5449 15.
2036 5423 2091 5434 -
2141 5398 2187 5432 ¹²
2228 5396 2402 5459 Greg„
2445 5394 2499 5443 in
2548 5390 2747 5455 Ezech„
2792 5392 2935 5443 hom.
2976 5403 3110 5457 vui,
3145 5403 3202 5443 n.
3243 5391 3353 5458 6·8,

1798 5471 1967 5540 quoad
1993 5483 2220 5522 sensum.
2250 5494 2311 5507 —
2345 5467 2381 5502 ⁸⁸
2404 5466 2559 5530 Dan„
2587 5475 2648 5527 ιι,
2679 5466 2756 5547 ⁴⁷:
