4059 6317
716 509 837 572 2³2

1813 505 2235 574 SERMONES
2272 507 2374 574 DE
2413 508 2811 577 TEMPORE.

718 606 820 705 est
838 640 1175 723 securitas,
1207 641 1326 708 ubi
1349 642 1520 710 bona
1544 644 1640 708 est
1660 642 1946 709 custodia
1963 644 2028 708 ¹:
2064 664 2096 704 α
2122 640 2259 708 Pax
2368 643 2720 710 doctrinam
2758 645 3021 725 vivunt,
3062 652 3126 712 et
3166 648 3368 713 vitam
3413 646 3742 716 salutarem
3772 670 3866 718 re-

719 745 832 812 Dei
855 765 1003 832 quae
1029 753 1290 832 superat
1304 767 1565 816 omnem
1582 767 1870 828 sensum,
1893 771 1926 810 ι
1952 753 2073 815 etc.
2104 749 2261 816 Item

720 853 1001 919 exterius
1024 855 1340 920 unitatem
1362 874 1514 921 cum
1535 856 1834 940 proximo
1854 857 1879 892 ¹
1902 875 1921 921 ε
1945 879 1977 917 α
1996 855 2262 922 Solliciti
2282 930 2291 941 ,

720 980 976 1028 servare
1002 963 1314 1029 unitatem
1342 965 1603 1048 spiritus
1623 965 1692 1029 in
1720 965 1979 1030 vinculo
2005 965 2203 1049 pacis.
2223 987 2256 1026 ι

722 1069 881 1135 Item
912 1071 1210 1155 superius
1244 1072 1687 1139 haereditatem
1716 1072 1787 1135 ⁸:
1827 1095 1858 1134 α
1884 1072 2058 1138 Beati
2088 1073 2261 1156 paci-

720 1177 821 1242 flci
843 1225 864 1258 ‚
907 1179 1216 1261 qnoniam
1252 1179 1370 1243 mii
1411 1180 1524 1245 Dei
1554 1181 1977 1246 vocabuntur.
2010 1201 2041 1239 n
2078 1179 2100 1215 ⁸
2135 1202 2167 1240 α
2198 1178 2265 1245 Si

719 1288 937 1351 autem
962 1284 1081 1349 filii
1096 1333 1118 1366 ,
1144 1289 1209 1351 et
1232 1286 1540 1352 haeredes.
1566 1309 1598 1348 n
1631 1285 1754 1364 Qui
1782 1304 1945 1369 ergo
1973 1289 2130 1352 sunt
2155 1306 2267 1371 pa·

723 1392 886 1458 ciflci
913 1391 982 1457 in
1006 1392 1133 1458 hoc
1173 1394 1418 1460 mundo
1436 1441 1458 1475 ,
1493 1397 1800 1477 tanquam
1845 1394 1962 1458 filii
1993 1394 2269 1460 haeredi·

727 1501 955 1567 tabunt
979 1519 1202 1584 pacem
1225 1501 1336 1568 Dei
1364 1503 1434 1566 in
1460 1502 1645 1569 coelo.
1677 1502 1813 1568 Erit
1837 1521 1966 1586 pax
1994 1508 2271 1587 purgata

726 1610 796 1673 in
821 1608 972 1674 flliis
1007 1609 1119 1674 Dei
1153 1628 1221 1676 se
1247 1610 1682 1676 animantibus
1718 1613 1878 1676 etse
1904 1611 2271 1678 videntibus

726 1716 947 1800 plenos
980 1712 1105 1782 Deo
1125 1764 1146 1796 ‚
1185 1734 1336 1782 cum
1375 1716 1501 1782 erit
1544 1717 1766 1782 omnia
1809 1717 1882 1782 in
1928 1719 2266 1799 omnibus;

729 1841 1073 1889 commune
1109 1824 1440 1908 speculum
1481 1823 1825 1905 habemus;
1862 1844 2273 1892 communem

730 1932 1189 2016 possessionem
1219 1933 1531 1999 habemus
1558 1933 1781 1999 Deum.

1261 2111 1551 2184 SERMO
1603 2114 1663 2183 Π
1697 2111 1745 2183 ⁸.

821 2254 1057 2323 Gavisi
1097 2260 1252 2324 sunt
1299 2256 1615 2341 discipuli
1633 2306 1655 2337 ‚
1714 2258 1856 2326 viso
1904 2260 2179 2327 Domino
2228 2258 2272 2324 ⁸.

739 2361 1051 2440 Quoniam
1078 2364 1156 2430 de
1188 2366 1377 2449 cujus
1405 2366 1745 2432 amissione
1771 2384 2011 2449 magna
2046 2369 2143 2431 est
2166 2365 2280 2431 de-

738 2468 961 2536 solatio
978 2517 998 2551 ‚
1050 2470 1119 2535 in
1173 2473 1230 2554 ej
1238 2490 1314 2537 us
1366 2473 1849 2556 recuperatione
1901 2491 2146 2556 magna
2188 2476 2282 2538 est

739 2579 1117 2659 consolati03
1169 2580 1320 2645 hinc
1354 2585 1452 2647 est
1500 2582 1673 2666 quod
1701 2582 1967 2666 apostoli
1990 2581 2283 2664 {dolentes

739 2685 818 2750 de
845 2684 1187 2751 amissione
1213 2687 1570 2771 praesentiae
1596 2687 1739 2753 Filii
1769 2688 1922 2768 Dei,
1955 2707 2149 2771 quem
2177 2708 2282 2754 su-

741 2811 856 2877 per
880 2811 948 2857 se
973 2797 1039 2859 et
1064 2812 1256 2878 super
1286 2796 1506 2860 omnia
1546 2795 1929 2879 diligebant,
1974 2814 2123 2861 cum
2144 2798 2284 2880 jam

740 2917 892 2964 eum
918 2903 1190 2966 cernunt
1208 2901 1358 2966 visu
1382 2919 1685 2986 corporeo
1701 2921 1743 2967 a
1770 2904 2047 2968 mortuis
2072 2922 2285 2969 resur-

742 3008 982 3074 rexisse
1004 3055 1026 3088 ,
1073 3009 1286 3091 gavisi
1338 3014 1491 3074 sunt
1536 3010 1776 3092 gaudio
1838 3028 2101 3093 magno.
2157 3010 2281 3078 Sed

743 3116 898 3201 quia
923 3116 1119 3182 homo
1138 3164 1157 3197 ,
1186 3116 1313 3181 nisi
1340 3117 1549 3200 primo
1593 3116 1825 3183 habeat
1867 3117 2165 3183 timorem
2196 3121 2282 3184 fl-

745 3223 909 3289 lialis
929 3224 1327 3304 reverentiae,
1348 3225 1576 3290 deinde
1594 3225 1999 3309 splendorem
2016 3228 2290 3293 ccelesiis

747 3332 1226 3415 intelligentiae‚
1257 3351 1388 3398 non
1414 3337 1622 3417 potest
1657 3335 1936 3419 experiri
1974 3336 2289 3417 gaudium

747 3443 813 3503 et
853 3439 1259 3506 dulcedinem
1303 3440 1653 3523 spiritualis
1699 3441 1979 3522 laetitiae3
2027 3443 2171 3509 ideo
2211 3444 2293 3509 ad

746 3545 869 3610 hoc
883 3592 906 3625 ,
966 3550 1041 3611 ut
1098 3550 1271 3612 recto
1318 3547 1540 3612 ordine
1597 3547 1806 3613 littera
1849 3554 2254 3617 construatur
2269 3602 2287 3634 ,

747 3653 959 3738 primo
1000 3654 1070 3718 in
1108 3654 1309 3720 verbo
1337 3655 1659 3738 proposito
1685 3659 1947 3721 notatur
1987 3658 2294 3741 subjectio

747 3762 1125 3827 reverentiae
1153 3766 1218 3828 et
1241 3763 1658 3843 humilitatis3
1694 3765 1974 3831 secundo
2000 3773 2292 3834 contem-

748 3870 945 3953 platio
990 3870 1227 3937 divinae
1281 3872 1631 3954 majestatis
1662 3893 1680 3951 ;
1729 3873 1915 3939 tertio
1959 3874 2297 3942 oblectatio

750 3979 1021 4044 internae
1060 3978 1502 4061 jucunditatis·
1547 3977 1871 4062 Subjectio
1918 3982 2297 4048 reverentiae

752 4092 816 4152 et
841 4084 1221 4151 humilitatis
1246 4088 1529 4166 notatur,
1574 4105 1723 4151 cum
1764 4087 1999 4152 dicitur
2030 4111 2046 4152 :
2081 4091 2293 4157 Disci-

749 4192 927 4279 puli,
959 4210 1094 4259 non
1121 4192 1416 4274 magistri
1437 4240 1458 4272 ,
1489 4211 1621 4259 non
1647 4193 1924 4272 domini,
1960 4214 2093 4261 non
2121 4198 2295 4263 socii.

755 4299 1211 4383 Contemplatio
1225 4300 1462 4366 divinae
1480 4302 1608 4383 maj
1614 4301 1831 4365 estatis
1844 4306 2126 4384 notatur,
2147 4323 2298 4370 cum

756 4406 972 4472 subdit
1009 4427 1029 4471 ε
1094 4405 1245 4474 Viso
1298 4408 1591 4475 Domino.
1642 4407 1981 4476 oblectatio
2026 4411 2301 4479 internae

751 4511 1164 4596 jucunditatis
1191 4517 1471 4590 notatur,
1506 4531 1656 4578 cum
1684 4515 2080 4583 subinfertur
2109 4541 2125 4583 ε
2174 4520 2297 4586 Ga·

759 4621 893 4686 visi
918 4622 1093 4687 sunt.

843 4725 1056 4792 Primo
1106 4742 1267 4808 ergo
1311 4730 1570 4791 notatur
1612 4727 1682 4791 in
1730 4731 2055 4812 proposito
2105 4733 2303 4800 verbo

761 4834 1072 4918 subjectio
1099 4834 1480 4899 reverentiae
1507 4838 1572 4899 et
1595 4834 1974 4901 humilitatis
1990 4887 2009 4919 ,
2040 4857 2190 4905 cum
2217 4840 2306 4906 di·

760 4942 974 5007 citur:
1006 4942 1351 5025 Discipuli.
1383 4941 1480 5007 llli
1508 4948 1722 5009 autem
1756 4949 1908 5009 suut
1933 4953 2301 5014 reverentes

762 5054 827 5116 et
857 5049 1153 5133 discipuli
1201 5049 1470 5132 subjecti
1499 5048 1778 5132 Christo,
1810 5052 1926 5135 qui
1975 5071 2090 5136 per
2118 5054 2301 5119 Chri-

762 5164 938 5224 stum
983 5161 1049 5223 et
1087 5158 1233 5242 eius
1270 5156 1620 5239 exemplar,
1667 5161 1732 5223 et
1773 5160 2124 5226 secundum
2165 5165 2306 5245 ejus

830 5357 848 5392 ¹
874 5355 1090 5423 Philip..
1113 5368 1185 5421 w,
1212 5358 1261 5407 Ἰ.
1287 5380 1348 5392 -
1375 5355 1396 5390 ²
1417 5354 1716 5421 Ephes.,1v‚
1735 5358 1784 5409 3.
1808 5383 1869 5397 -
1896 5358 1919 5393 ⁸
1937 5359 2146 5423 uana„
2177 5370 2226 5423 V,
2255 5362 2302 5411 9.

765 5452 831 5467 -
855 5428 875 5459 ⁴
906 5428 1065 5493 nom„
1096 5439 1219 5489 vm,
1251 5429 1324 5478 17.
1361 5451 1423 5464 —
1448 5426 1470 5461 ⁸
1502 5427 1649 5479 Hunc
1678 5442 1786 5480 nou
1810 5428 1967 5480 habet
1991 5430 2112 5481 edit.
2143 5429 2301 5481 Paris.

767 5513 852 5552 sn.
888 5503 1027 5553 1521.
1056 5525 1119 5539 -
1151 5502 1175 5537 ⁸
1207 5499 1370 5563 loun„
1407 5509 1502 5563 xx,
1542 5500 1619 5550 20.
1658 5525 1720 5539 -
1759 5500 1782 5537 '¹
1817 5501 1953 5567 Luc„
1989 5512 2101 5571 xiv,
2134 5504 2210 5554 26.
2241 5528 2303 5541 -

2370 749 2619 832 gulant.
2651 750 2796 816 Vita
2819 755 2885 817 et
2910 753 3196 819 doctrina
3222 754 3376 820 boni
3404 757 3691 839 magistri
3711 758 3869 825 Iesus

2374 856 2605 923 Christi
2647 859 2829 925 docet
2881 862 3229 944 quemlibet
3277 880 3477 928 suum
3528 863 3871 949 discipulum

2374 965 2612 1031 habere
2636 1013 2653 1044 ‚
2691 967 2902 1050 primo
2928 967 3355 1034 humilitatem
3381 970 3585 1037 fidelis
3609 973 3870 1039 obeffien·

2374 1073 2481 1139 tiae
2504 1122 2521 1153 ‚
2551 1077 2837 1157 respectu
2864 1074 3093 1141 mundi
3116 1078 3594 1158 contemnendi;
3624 1083 3870 1147 secundo

2376 1181 2974 1247 confoederationem
2995 1182 3318 1249 charitatis
3338 1188 3403 1250 et
3426 1185 3872 1269 benevolentiae,

2375 1291 2664 1372 respectu
2680 1289 2956 1372 proximi
2983 1289 3335 1372 diligendi3
3364 1293 3552 1360 tertio
3576 1299 3880 1378 perpetua·

2375 1397 2617 1461 tionem
2660 1396 2872 1461 finalis
2897 1400 3385 1481 perseverantiae
3414 1448 3436 1481 ‚
3489 1406 3767 1485 respectu
3785 1402 3877 1467 in·

2379 1502 2584 1568 choati
2613 1504 2768 1568 boni
2798 1505 3232 1571 continuandi.
3268 1506 3346 1572 Et
3374 1508 3519 1574 haec
3546 1509 3668 1574 tria
3689 1527 3884 1579 necu-

2379 1610 2545 1675 saria
2569 1613 2722 1676 sunt
2737 1610 2994 1677 cuilibet
3021 1611 3238 1677 adulto
3264 1614 3346 1679 ad
3372 1614 3663 1680 salutem.
3690 1614 3887 1680 Primo

2380 1734 2518 1780 esse
2550 1717 2617 1780 in
2656 1717 2966 1802 discipulo
2992 1722 3239 1801 oportet
3279 1719 3778 1793 humiliationem
3810 1723 3888 1786 fl-

2381 1822 2539 1888 delis
2577 1823 2952 1890 obedientiae
2979 1872 2998 1905 ,
3036 1830 3328 1908 respectu
3370 1825 3596 1893 mundi
3636 1832 3891 1892 contem·

2381 1931 2577 1995 nendi
2602 1936 2626 1972 '¹
2659 1953 2674 1996 z
2712 1954 2744 1992 α
2770 1930 2989 1997 Omnis
3015 1950 3098 1997 ex
3124 1933 3307 1997 vobis
3328 1980 3347 2013 ,
3376 1934 3492 2018 qui
3520 1952 3655 2000 non
3679 1953 3893 2000 renun-

2382 2040 2637 2105 tiaverit
2671 2041 2965 2106 omnibus
2991 2059 3141 2125 quae
3184 2042 3492 2126 possidet,
3535 2061 3669 2109 non
3710 2047 3894 2126 potest

2386 2164 2568 2213 meus
2615 2165 2754 2212 esse
2805 2147 3171 2231 discipulus.
3217 2172 3250 2208 ιο
3308 2148 3612 2232 Magister
3667 2151 3897 2234 sapiens

2387 2252 2669 2319 Christus
2686 2255 2795 2320 dat
2807 2257 3226 2321 necessariam
3236 2257 3457 2323 salutis
3470 2257 3727 2323 cuilibet
3744 2257 3897 2322 Chri·

2386 2360 2594 2427 stiano
2619 2362 3003 2443 doctrinam,
3044 2381 3194 2428 cum
3221 2363 3374 2429 dicit
3402 2385 3418 2428 ε
3451 2365 3611 2435 Nisi
3635 2366 3781 2448 quis
3814 2380 3896 2431 ro·

2386 2470 2786 2538 nuntiaverit
2810 2470 3102 2537 omnibus
3128 2486 3270 2551 quoe
3294 2471 3619 2554 possidet,
3642 2488 3775 2541 non
3798 2488 3897 2556 pc·

2389 2581 2508 2643 test
2532 2593 2706 2643 meus
2732 2593 2863 2644 esse
2886 2577 3270 2661 discipulus.
3298 2577 3376 2644 Et
3396 2579 3543 2645 licet
3554 2598 3685 2646 non
3712 2584 3901 2645 tenea·

2390 2702 2538 2748 mur
2559 2684 2776 2748 omnia
2788 2702 2935 2768 quae
2960 2686 3359 2768 possidemus
3380 2686 3758 2771 relinquere,
3782 2689 3903 2754 sive

2391 2792 2779 2874 pauperibus
2794 2810 3090 2874 erogare,
3108 2798 3173 2859 et
3196 2795 3278 2860 ad
3304 2794 3671 2879 exemplum
3695 2794 3919 2861 Christi·

2391 2898 2668 2963 ostiatim
2699 2901 3059 2966 mendicare
3078 2949 3097 2981 ‚
3127 2902 3265 2966 sive
3290 2901 3358 2966 in
3386 2902 3767 2968 monasterio
3796 2901 3905 2968 Deo

2393 3006 2634 3072 servire
2651 3055 2670 3087 ,
2724 3007 2847 3071 nisi
2892 3007 3149 3092 perfecti
3169 3057 3188 3088 ‚
3249 3008 3363 3092 qui
3411 3010 3734 3074 constricti
3775 3015 3909 3075 sunt

2391 3118 2542 3179 voto
2567 3114 2948 3197 paupertatis
2968 3137 2984 3194 ;
3014 3118 3231 3181 tamen
3257 3133 3484 3181 omnes
3507 3120 3798 3183 tenemur
3820 3135 3907 3182 re-

2395 3221 2691 3288 nuntiare
2711 3222 3033 3301 omnibus,
3055 3241 3201 3307 quae
3227 3223 3642 3306 possidemus,
3672 3224 3905 3305 affectu,

2397 3329 2751 3396 secundum
2793 3329 2952 3395 illud
3002 3329 3235 3395 Psalmi
3269 3331 3294 3366 ⁸
3340 3348 3359 3395 ε
3397 3353 3430 3392 α
3454 3332 3709 3399 Divitiae
3746 3334 3801 3397 si
3834 3333 3912 3396 af·

2396 3438 2641 3515 fluant,
2671 3437 2867 3504 nolite
2891 3456 3003 3503 cor
3038 3457 3357 3523 apponere
3386 3461 3402 3504 z
3436 3461 3468 3501 ι
3496 3444 3572 3505 ut
3598 3440 3689 3505 sic
3730 3442 3910 3505 extir-

2399 3548 2548 3629 pata
2583 3546 2663 3609 de
2691 3545 2879 3611 corde
2918 3546 3261 3630 cupiditate
3278 3596 3298 3627 ,
3334 3565 3485 3631 quae
3507 3552 3615 3631 ‚est
3639 3548 3664 3585 ⁸
3694 3574 3726 3611 α
3749 3549 3914 3615 radix

2400 3653 2691 3718 omnium
2732 3653 3081 3731 malorum,
3120 3675 3153 3715 n
3187 3654 3509 3737 plantetur
3555 3661 3878 3739 paupertas
3894 3702 3911 3733 ‚

2401 3777 2550 3844 quae
2590 3762 2686 3824 est
2719 3759 3097 3843 primarium
3124 3761 3616 3829 fundamentum
3642 3763 3915 3829 omnium

2401 3870 2739 3934 virtutum.
2770 3866 3062 3933 Secundo
3086 3915 3106 3945 ‚
3136 3867 3205 3931 in
3231 3867 3544 3951 discipulo
3572 3869 3793 3936 Christi
3816 3870 3912 3934 de·

2403 3975 2510 4040 bet
2533 3993 2671 4040 esse
2708 3974 3155 4040 confoederatio
3201 3975 3527 4041 charitatis
3564 3981 3629 4041 et
3670 3978 3919 4042 benevo-

2404 4082 2616 4147 lentiae
2632 4129 2656 4161 ‚
2708 4085 2998 4165 respectu
3042 4081 3319 4163 proximi
3355 4082 3685 4165 diligendi.
3739 4083 3812 4148 Et
3850 4082 3918 4147 de

2405 4189 2527 4255 hoc
2540 4189 2696 4255 dicit
2717 4188 3024 4254 Dominus
3039 4189 3084 4224 ¹⁰
3111 4209 3179 4253 z«
3200 4187 3569 4255 Mandatum
3595 4207 3830 4256 novum
3848 4188 3918 4253 do

2406 4297 2625 4376 vobis,
2651 4299 2723 4361 ut
2744 4294 3033 4376 diligatis
3059 4294 3338 4360 invicem
3357 4344 3373 4373 ‚
3398 4296 3570 4362 sicut
3592 4297 3780 4363 dilexi
3793 4313 3917 4361 vos.

2409 4404 2483 4470 In
2528 4406 2653 4469 hoc
2688 4406 3085 4485 cognoscent·
3113 4421 3338 4468 omnes
3356 4451 3373 4481 ,
3420 4405 3576 4487 quia
3623 4406 3747 4471 mei
3786 4404 3921 4469 estis

2408 4511 2699 4597 discipuli
2715 4559 2733 4590 ,
2764 4511 2818 4575 si
2843 4508 3246 4574 dilectionem
3271 4509 3626 4576 habueritis
3664 4512 3743 4577 ad
3769 4510 3920 4576 invi-

2409 4640 2570 4686 eem.
2602 4641 2632 4679 n
2668 4618 3034 4684 Mandatum
3056 4617 3136 4682 de
3161 4617 3494 4684 dilectione
3510 4668 3526 4700 ,
3556 4621 3702 4685 licet
3725 4620 3802 4683 sit
3822 4635 3921 4683 ve·

2411 4735 2515 4794 tus
2536 4731 2854 4812 quantum
2881 4724 2960 4789 ad
2990 4723 3242 4790 lationis
3267 4726 3716 4808 antiquitatem
3731 4773 3753 4806 ‚
3779 4724 3921 4790 dici·

2412 4840 2517 4902 tur
2542 4841 2755 4900 tamen
2798 4848 3043 4897 novum
3087 4835 3402 4914 quantum
3430 4833 3507 4898 ad
3539 4831 3922 4917 obligationis

2412 4943 2799 5008 firmitatem.
2830 4938 3007 5005 Unde
3034 4956 3116 5002 ne
3139 4938 3501 5004 crederetur
3526 4938 3923 5023 dispensabile

2412 5053 2667 5134 propter
2690 5047 3131 5130 antiquitatem
3159 5046 3411 5111 lationis
3423 5093 3444 5125 ,
3472 5046 3712 5111 addidit
3735 5043 3922 5111 Domi·

2411 5175 2538 5222 nus
2553 5156 2901 5221 novitatem
2926 5152 3362 5236 obligationis,
3385 5170 3534 5218 cum
3550 5153 3701 5218 dicit
3723 5175 3739 5217 ε
3765 5154 3924 5219 Man·

2413 5267 2642 5333 datum
2669 5280 2903 5333 novum
2937 5260 3022 5330 do
3056 5259 3270 5341 vobis,
3314 5264 3388 5328 ut
3427 5259 3727 5346 diligatis
3763 5259 3916 5327 invi·

2411 5427 2596 5553 ΞΡέἕὶ.
2625 5439 2740 5493 m,
2772 5430 2846 5480 ll.
2875 5452 2937 5466 —
2970 5426 2994 5461 ⁹
3021 5425 3042 5475 1
3072 5424 3221 5492 nm„
3248 5435 3329 5489 vr,
3362 5427 3441 5477 10.
3468 5448 3534 5464 -
3562 5424 3608 5460 ¹⁰
3632 5424 3794 5491 και,
3818 5431 3918 5482 xm,

2446 5504 2494 5557 4-
2559 5537 2571 5555 .
