4059 6317
1449 423 1550 490 DE
1588 420 1699 490 SS.
1743 416 2105 487 ANGELIS.

172 560 459 637 spirituali
488 558 652 619 bello
678 573 792 616 nos
817 557 1123 628 instruere,
1147 556 1297 616 sicut
1323 557 1471 616 dixit
1496 561 1715 631 Grego-

171 657 291 716 rius
322 660 362 714 ¹.
390 655 555 714 Unde
593 657 731 712 sunt
767 652 936 728 quasi
979 651 1161 710 duces
1197 653 1520 724 exercitus,
1567 669 1716 727 quo-

171 767 303 809 rum
347 749 664 826 prudentia
708 747 1132 822 gubernamur.
1193 751 1258 804 Et
1300 747 1444 805 tales
1491 747 1716 820 signari

171 848 416 920 possunt
448 842 512 900 in
536 841 780 915 Ange10‚
810 839 887 898 de
914 856 1036 915 quo
1065 842 1125 898 ¹:
1151 858 1182 893 ε(
1205 840 1462 913 Angelus
1493 839 1596 914 qui
1624 840 1717 898 lo-

177 938 475 1013 quebatur
501 936 564 994 in
589 952 711 1007 me,
742 933 1173 1008 egrediebatur,
1205 937 1262 991 et
1287 934 1440 1007 alius
1467 933 1720 1006 Angelus

171 1032 331 1090 venit
364 1031 429 1087 in
459 1044 778 1088 occursum
811 1028 957 1101 ejus,
987 1031 1045 1085 et
1064 1026 1214 1085 dixit
1255 1045 1271 1085 ε
1308 1029 1509 1099 Curre,
1537 1030 1596 1085 et
1637 1026 1724 1085 lo-

177 1139 360 1199 quere
389 1122 468 1181 ad
495 1139 750 1198 puerum
776 1121 976 1193 istum,
1011 1120 1213 1180 dicens
1242 1139 1256 1178 :
1289 1121 1526 1195 Absque
1545 1135 1719 1178 muro

173 1217 535 1276 habitabitur
566 1215 952 1285 Hierusalem,
982 1234 1010 1268 ι
1044 1218 1153 1272 etc.
1198 1217 1370 1273 Recte
1404 1213 1585 1288 igitur
1609 1214 1722 1287 spi-

173 1310 404 1370 ritualis
466 1309 802 1368 certaminis
863 1325 1180 1383 possumus
1245 1324 1371 1366 esse
1429 1308 1682 1365 victores
1699 1349 1718 1377 ,

176 1404 418 1478 quando
451 1407 570 1463 tam
613 1401 1240 1461 excellentissimorum
1282 1400 1593 1475 spirituum
1636 1403 1723 1457 tu-

175 1497 289 1555 tela
319 1498 534 1557 muniti
575 1512 781 1555 sumus
810 1514 825 1553 ε
856 1495 1024 1571 quod
1048 1498 1189 1552 tunc
1228 1493 1542 1567 contingit,
1585 1509 1723 1551 cum

175 1606 427 1663 regnum
475 1590 687 1649 animae
740 1589 1071 1648 secundum
1115 1588 1435 1662 imperium
1478 1587 1723 1646 rationis

178 1683 519 1754 dirigimus,
566 1688 622 1742 et
659 1683 850 1743 carnis
895 1681 1300 1757 voluptatibus
1343 1681 1719 1740 reluctamur.

177 1779 320 1835 Nam
374 1777 525 1852 quid
568 1777 835 1852 proderit
877 1777 1173 1835 barbaros
1215 1791 1546 1849 superasse,
1591 1774 1639 1831 si
1687 1790 1725 1833 a

177 1871 306 1930 sola
351 1871 659 1945 voluptate
708 1870 1056 1929 vincamur?
1100 1869 1192 1928 Ad
1229 1869 1346 1929 hoc
1392 1868 1607 1926 dicitur
1644 1868 1668 1905 ⁸
1705 1886 1720 1926 :

184 1986 212 2017 κ
229 1964 430 2024 Melior
453 1967 540 2023 est
561 1964 792 2039 patiens
822 1964 954 2022 viro
983 1961 1141 2034 forti,
1166 1966 1225 2021 et
1252 1962 1353 2037 qui
1383 1962 1726 2020 dominatur

177 2058 377 2115 animo
403 2074 513 2116 suo
514 2101 535 2131 ,
569 2060 975 2132 expugnatore
1004 2055 1267 2115 urbium.
1296 2076 1325 2112 n
1360 2055 1524 2115 Unde
1550 2056 1727 2114 Clau-

178 2150 392 2210 dianus
423 2153 446 2189 ⁸
476 2168 492 2209 z
657 2162 663 2169 ¹

426 2336 528 2354 .....
559 2305 704 2356 Tunc
732 2302 907 2355 omnia
928 2303 1045 2368 iure
1073 2303 1291 2367 tenebis,

394 2376 526 2427 Cum
552 2375 750 2440 poteris
776 2389 872 2427 rex
899 2389 1013 2426 esse
1041 2374 1134 2426 tui.

246 2526 549 2599 Secundo,
602 2526 807 2602 quoad
847 2527 1124 2585 virtutem
1170 2525 1541 2584 executivam
1592 2531 1728 2584 sunt

177 2622 512 2691 PotestateS,
547 2620 768 2695 quibus
794 2620 944 2678 nihil
982 2625 1069 2678 est
1094 2618 1460 2694 impossibile
1488 2618 1726 2693 exequi,

177 2713 342 2788 quod
371 2714 714 2788 imperatur.
744 2716 986 2789 Propter
1013 2712 1180 2788 quod
1224 2712 1366 2770 dicit
1395 2712 1726 2788 Dionysius,

177 2807 344 2882 quod
369 2810 585 2865 sanctae
612 2810 926 2865 potestates
959 2805 1414 2882 {equivalentem
1441 2822 1579 2864 cum
1608 2811 1723 2866 Do-

176 2900 605 2959 minationibus
647 2900 872 2959 habent
912 2903 1283 2975 potestatem.
1331 2903 1397 2958 Et
1439 2899 1580 2958 ideo
1620 2899 1727 2959 ha-

176 2994 320 3053 bent
344 2996 663 3070 potestates
698 3009 900 3052 aereas
941 3009 1233 3066 coercere,
1261 2994 1359 3052 vel
1404 3010 1627 3065 arcere,
1671 2996 1728 3051 et

175 3088 332 3162 ipsas
372 3103 413 3146 a
450 3086 821 3146 nocumentis
864 3086 1172 3146 contrariis
1210 3086 1514 3171 cohibere.-
1560 3087 1726 3145 Unde

176 3182 494 3256 Gregorius
528 3182 550 3218 ⁸
590 3198 606 3239 ε
653 3200 683 3237 ι
729 3183 1044 3239 potestates
1082 3179 1260 3239 etiam
1300 3186 1587 3239 vocantur
1623 3182 1688 3238 hi
1703 3223 1725 3253 ,

177 3275 280 3349 qui
304 3276 425 3334 hoc
446 3274 743 3350 potentius
769 3274 990 3332 caeteris
1020 3274 1086 3331 in
1114 3290 1224 3333 suo
1268 3273 1478 3333 ordine
1521 3290 1726 3349 perce-

174 3372 416 3443 perunt,
446 3372 512 3426 ut
552 3383 761 3426 eorum
790 3367 1001 3427 ditioni
1023 3367 1266 3425 virtutes
1290 3367 1556 3426 adversae
1585 3368 1726 3427 sub-

169 3463 336 3534 jectae
383 3460 542 3532 sint,
580 3477 836 3536 quarum
863 3465 1178 3536 potestates
1212 3461 1618 3534 refraenentur,
1648 3477 1725 3521 ne

174 3556 362 3614 corda
412 3555 726 3613 hominum
778 3560 1010 3614 tantum
1054 3557 1277 3614 tentare
1326 3550 1739 3631 praevaleant,

174 3654 469 3724 quantum
495 3649 722 3708 volunt.
754 3669 783 3701 »
812 3649 968 3718 Quid
1007 3648 1187 3723 igitur
1225 3648 1508 3707 formidat
1540 3649 1728 3708 imbe-

174 3743 324 3801 cillis
373 3744 612 3801 animus
659 3742 1008 3815 Christiani,
1055 3742 1151 3801 cui
1196 3745 1281 3801 tot
1325 3746 1476 3801 Deus
1518 3749 1725 3802 contu-

173 3837 241 3895 lit
273 3837 558 3912 proesidia
599 3836 946 3912 potestatis?
983 3840 1115 3895 Non
1147 3852 1368 3911 paveas
1409 3837 1583 3910 igitur
1633 3854 1728 3897 re-

171 3933 422 4006 pentino
463 3935 685 3990 terrore
715 3931 1001 3989 irruentes
1040 3934 1249 3989 contra
1294 3935 1350 3989 te
1402 3931 1725 4006 impiorum

172 4027 491 4099 potestates
522 4068 541 4097 ,
618 4042 756 4083 cum
835 4024 1043 4083 talium
1121 4023 1377 4083 militum
1449 4025 1724 4100 praesidio

174 4119 252 4177 sis
323 4118 611 4177 munitus.
686 4117 851 4177 Unde
929 4119 1159 4176 ratione
1229 4120 1505 4192 potentiae
1580 4119 1725 4178 dici-

178 4213 333 4270 tur⁸z
356 4232 384 4267 a
403 4212 734 4271 Benedicite
756 4211 1104 4283 Dominum,
1122 4228 1329 4271 omnes
1353 4213 1559 4287 Angeli
1577 4214 1724 4285 ejus,

175 4310 449 4380 potentes
475 4306 706 4375 virtute,
739 4305 1020 4365 iacientes
1047 4306 1302 4364 verbum
1328 4305 1489 4364 illius
1510 4308 1591 4366 ad
1620 4324 1727 4366 au-

177 4398 468 4459 diendam
495 4415 705 4458 vocem
730 4414 1078 4458 sermonum
1113 4398 1261 4471 ejus,
1301 4420 1332 4454 n

243 4493 464 4565 Tertio,
491 4493 696 4568 quoad
721 4494 997 4552 virtutem
1019 4492 1438 4567 expeditivam,
1457 4495 1594 4551 sunt
1609 4493 1726 4552 vir-

175 4590 326 4645 tutes
354 4587 577 4658 quibus
605 4587 814 4645 datum
839 4589 926 4645 est
964 4602 1142 4661 posse
1168 4602 1345 4662 super
1379 4587 1584 4646 omnia
1612 4586 1724 4645 dif-

172 4680 377 4754 ficilia,
408 4680 490 4738 ad
517 4679 786 4739 divinum
814 4680 1208 4739 ministerium
1234 4680 1587 4755 pertinentia
1624 4699 1639 4739 ε
1670 4685 1727 4740 et

172 4773 314 4833 ideo
343 4774 431 4832 eis
466 4774 802 4833 attribuitur
836 4773 1135 4833 mirabilia
1180 4773 1436 4848 operari.
1479 4777 1546 4834 Et
1586 4774 1725 4833 ideo

175 4867 320 4927 dicit
343 4866 651 4941 Dominus,
677 4869 846 4942 quod
869 4868 1092 4928 habent
1117 4867 1475 4927 deiformem
1493 4871 1727 4927 motum

171 4959 424 5020 firmiter
461 4961 836 5035 sentientem,
871 4962 1114 5037 insuper
1156 4962 1603 5021 substantialem
1619 5005 1639 5035 ,
1670 4967 1728 5022 et

171 5054 547 5128 pontificiam
575 5055 674 5113 Dei
710 5054 1008 5114 virtutem.
1045 5058 1193 5114 Nam
1227 5054 1363 5114 licet
1400 5056 1725 5130 impiorum

173 5148 362 5208 virtus
409 5148 651 5207 infirma
691 5147 785 5223 sit,
835 5148 1053 5208 divinae
1094 5147 1296 5208 virtuti
1343 5152 1688 5225 comparata
1702 5191 1725 5224 ,

235 5277 254 5312 ¹
279 5277 461 5341 Greg„
489 5276 543 5327 in
574 5277 792 5342 Evanq„
822 5277 967 5329 hom.
1005 5288 1183 5339 xxx1v,
1212 5290 1269 5327 n.
1298 5277 1376 5328 ¹4.
1403 5303 1460 5314 —
1496 5278 1520 5312 ²
1550 5277 1729 5340 lach..

179 5359 243 5407 ιι.
272 5350 321 5402 3.
353 5372 418 5386 -·
448 5348 471 5383 ⁸
496 5349 670 5411 Prov„
704 5360 820 5410 xvi.
855 5351 937 5400 32.
965 5376 1028 5388 -
1059 5348 1082 5384 ⁸
1118 5348 1383 5401 claudian.
1413 5376 1474 5388 -
1500 5350 1523 5385 ⁸
1548 5350 1723 5415 Greg.,

425 5454 576 5501 mn.
620 5455 762 5503 xm.

3251 425 3371 491 609

1823 570 1946 612 non
1973 558 2174 613 tamen
2211 553 2449 612 infirma
2476 558 2584 626 est,
2623 555 2701 614 ab
2729 556 2939 614 eadem
2975 570 3085 631 per
3120 536 3372 630 gratiam

1824 648 2077 706 firmata.
2124 650 2366 723 Propter
2407 649 2574 723 quod
2616 649 2829 707 dicitur
2864 651 2887 686 '¹
2926 667 2940 707 :
2977 670 3006 705 ι
3042 649 3372 708 Benedicite
3446 724 3453 729 ι

1827 741 2078 800 Domino
2106 757 2314 799 omnes
2354 742 2596 800 virtutes
2624 743 2770 816 eJus,
2799 741 3052 801 ministri
3081 745 3230 817 ejuS,
3268 743 3371 818 qui

1823 834 2012 893 facitis
2039 836 2411 894 voluntatem
2439 837 2582 909 ejus,
2629 856 2658 891 n
2705 839 2773 894 Et
2799 836 3149 896 ordinantur
3173 838 3237 895 hi
3280 854 3372 896 or·

1827 929 1997 988 dines
2023 929 2352 989 secundum
2389 931 2678 1003 majorem
2707 928 3053 1003 dignitatem
3090 935 3148 989 et
3181 930 3372 988 mino·

1825 1038 1975 1094 rem,
2009 1023 2151 1098 quia
2180 1024 2313 1097 plus
2341 1026 2428 1081 est
2465 1024 2730 1082 resistere
2775 1041 2957 1100 quam
3000 1040 3372 1099 repugnare,

1827 1120 1883 1174 et
1910 1133 2242 1191 repugnare
2272 1133 2454 1191 quam
2481 1134 2588 1192 per
2616 1135 2677 1176 se
2706 1117 2940 1193 operari
2966 1134 3159 1193 posse.
3190 1120 3255 1176 Et
3286 1117 3371 1176 sic

1826 1211 2056 1284 primus
2082 1215 2218 1269 sunt
2239 1211 2694 1285 nominationes,
2724 1213 2894 1286 quasi
2917 1213 3205 1271 exercitus
3218 1228 3371 1287 prae-

1829 1307 2098 1378 ceptores
2111 1324 2131 1378 3
2180 1304 2498 1377 secunduS,
2526 1309 2857 1378 potestates,
2886 1307 3057 1381 quasi
3086 1307 3372 1365 exercitus

1827 1397 2172 1470 bellatores3
2192 1402 2251 1456 et
2260 1399 2460 1457 tertius
2478 1400 2748 1471 Virtutes,
2765 1400 2936 1474 quasi
2946 1399 3232 1459 exercitus
3255 1416 3373 1458 ser-

1826 1495 2078 1549 vatoreS.
2108 1494 2176 1549 Et
2198 1492 2262 1549 in
2288 1493 2404 1550 hoc
2443 1494 2690 1568 apparet
2710 1492 3000 1551 mirabilis
3028 1492 3127 1551 Dei
3145 1492 3376 1568 sapien-

1828 1584 1931 1659 tia,
1960 1602 2097 1660 quae
2134 1586 2217 1643 sic
2257 1590 2466 1645 cuncta
2508 1586 2817 1661 disposuit,
2869 1591 2934 1644 ut
2967 1586 3116 1645 nihil
3154 1586 3375 1645 inordi-

1828 1682 2036 1738 natum
2062 1679 2381 1754 relinquat.
2411 1680 2595 1754 Unde,
2609 1682 2752 1756 quia
2781 1681 3058 1741 diabolus
3084 1683 3147 1739 in
3172 1681 3371 1755 nobiS,

1829 1778 1967 1849 post
1993 1791 2217 1841 casum,
2255 1774 2545 1834 rationem
2580 1775 2806 1835 seducit
2840 1793 2949 1852 per
2976 1777 3233 1849 astutias,
3257 1776 3376 1835 vir-

1830 1871 2014 1925 tutem
2052 1868 2333 1943 opprimit
2371 1885 2480 1943 per
2519 1869 2859 1944 violentias,
2910 1874 2967 1928 et
3010 1871 3377 1929 voluntatem

1829 1977 1939 2036 per
1961 1960 2281 2020 blanditias
2311 1979 2326 2018 :
2362 1961 2428 2019 id
2467 1978 2543 2021 ne
2585 1962 2763 2022 nobis
2809 1964 3141 2037 contingat,
3184 1963 3389 2022 tribus.

1832 2053 2144 2112 ordinibus
2173 2055 2338 2113 venit
2360 2060 2495 2129 post
2519 2072 2634 2114 nos
2650 2076 2669 2130 ;
2700 2060 2764 2115 ut
2807 2056 2892 2115 sic
2926 2073 3053 2116 non
3077 2057 3374 2116 immerito

1833 2147 2116 2207 Dominus
2143 2148 2506 2206 exercituum
2532 2156 2925 2224 nuncupetur.

1904 2239 2092 2299 Tertia
2130 2240 2460 2300 hierarchia
2495 2248 2580 2301 est
2621 2242 3077 2302 ministrantium
3118 2262 3134 2303 ε
3175 2246 3235 2302 et
3273 2242 3378 2302 ho-

1830 2350 1967 2392 rum
2009 2338 2095 2393 est
2134 2336 2465 2394 necessaria
2507 2336 2799 2395 habitudo
2835 2336 2916 2395 ad
2950 2353 3095 2408 n05,
3135 2337 3240 2412 qui
3273 2338 3379 2395 ha-

1832 2427 2022 2486 bitant
2066 2428 2129 2485 in
2182 2435 2335 2487 terra
2351 2470 2371 2501 ,
2416 2432 2473 2487 et
2521 2428 2614 2487 isti
2667 2429 2931 2504 deputati
2972 2435 3110 2489 sunt
3167 2431 3247 2489 ad
3279 2446 3376 2490 re-

1834 2520 2037 2594 gimen
2073 2521 2361 2596 speciale,
2409 2522 2533 2580 sive
2589 2523 2839 2596 aliquus
2890 2523 3203 2599 principis,
3253 2522 3378 2583 sive

1833 2615 2084 2688 alicujus
2135 2616 2358 2688 gentis,
2423 2615 2521 2674 vel
2565 2616 2843 2674 hominia
2906 2620 2982 2675 De
3043 2616 3263 2692 quibus
3298 2617 3374 2674 ⁸:

1837 2727 1868 2765 α
1894 2710 2110 2768 Omnes
2132 2714 2268 2767 sunt
2301 2708 2784 2768 administratorii
2819 2710 3083 2784 spiritus,
3114 2711 3177 2768 in
3202 2710 3378 2768 mini-

1832 2802 2075 2860 sterium
2129 2801 2325 2874 missi,
2368 2805 2610 2878 propter
2665 2819 2796 2875 eos,
2836 2805 2941 2878 qui
2979 2803 3378 2863 haereditatem

1833 2895 2076 2969 capiunt
2127 2895 2351 2953 salutis.
2407 2916 2436 2951 ι)
2495 2896 2657 2954 Unde
2709 2895 3014 2970 distinguit
3063 2898 3377 2972 Apostolus

1833 2987 2135 3064 duplicem
2163 2990 2529 3062 missionem,
2556 2990 2812 3049 scilicet:
2836 2989 3219 3063 invisibilem,
3244 3008 3378 3067 quse

1833 3085 1922 3140 est
1958 3083 2318 3157 Angelorum
2366 3084 2445 3143 ad
2491 3085 2777 3158 Angelos,
2827 3091 2885 3144 et
2925 3086 3053 3144 haec
3100 3085 3378 3145 omnibus

1834 3177 2145 3251 competit,
2189 3178 2369 3237 etiam
2408 3177 2897 3252 sublimioribus;
2941 3182 2999 3237 et
3036 3179 3379 3238 missionem

1832 3270 2166 3342 visibilem,
2218 3289 2352 3346 quae
2404 3276 2490 3330 est
2530 3273 2890 3346 Angelorum
2935 3273 3015 3332 ad
3065 3273 3375 3347 homines,

1834 3370 1893 3423 et
1927 3366 2055 3424 haec
2094 3367 2375 3442 competit
2416 3368 2797 3428 inferioribus
2813 3410 2835 3440 ,
2874 3369 3094 3444 quibus
3136 3369 3377 3443 proprie

1834 3460 2113 3534 competit
2138 3460 2489 3534 ministrare,
2520 3462 2595 3520 de
2632 3462 2890 3536 quibus⁹
2922 3481 2937 3520 τ
2976 3482 3005 3517 α
3034 3465 3134 3535 lte,
3171 3461 3380 3537 Angeli

1832 3553 2089 3625 veloceS,
2120 3555 2198 3612 ad
2227 3559 2465 3628 gentem
2502 3556 2853 3615 convulsam
2887 3560 2945 3615 et
2974 3555 3376 3628 dilaceratam,

1833 3646 1916 3703 ad
1966 3648 2261 3722 populum
2303 3648 2648 3722 terribilem,
2702 3671 2731 3706 n
2792 3652 2900 3709 etc.
2935 3650 3049 3708 Sed
3090 3650 3378 3726 quoniam

1831 3740 1958 3798 haec
2000 3741 2332 3801 hierarchia
2372 3759 2628 3818 praesens
2678 3743 2943 3802 officium
2995 3744 3377 3803 ministeriale

1832 3834 2031 3907 habet,
2064 3836 2147 3893 sic
2187 3836 2349 3910 quod
2375 3836 2587 3912 triplex
2616 3842 2702 3895 est
2738 3837 2890 3897 ordo
2926 3838 3227 3912 angelicus
3239 3881 3259 3912 ,
3288 3855 3379 3898 se-

1835 3929 2102 3988 cundum
2142 3929 2307 4005 quod
2344 3930 2646 4005 tripliciter
2685 3932 2972 4005 contingit
3012 3932 3256 4005 angelos
3296 3932 3378 3992 ad

1832 4024 2098 4098 regimen
2144 4023 2391 4097 alicujus
2417 4024 2690 4099 deputari
2738 4040 2756 4083 z
2797 4025 2942 4101 quia
2981 4029 3083 4084 aut
3119 4025 3377 4084 ordinati

1835 4123 1969 4177 sunt
1995 4120 2074 4177 ad
2100 4119 2367 4193 regimen
2395 4120 2644 4192 alicujus
2682 4120 2988 4195 principis,
3033 4124 3212 4196 prout
3237 4136 3376 4179 eum

1836 4215 2099 4288 dirigunt
2124 4214 2186 4273 in
2212 4216 2463 4289 legibus,
2493 4216 2617 4275 sive
2648 4217 2934 4290 gradibus
2964 4215 3373 4291 praesidentiae,

1835 4312 1893 4367 et
1917 4309 2000 4366 sic
2034 4311 2171 4366 sunt
2208 4309 2597 4383 principatum
2643 4313 2747 4367 aut
2784 4309 2864 4367 ad
2890 4310 3158 4384 regimen
3185 4308 3375 4366 alicu-

1828 4402 1927 4477 jus
1952 4402 2163 4476 gentiS,
2195 4407 2297 4461 aut
2321 4402 2744 4475 multitudinis,
2790 4406 2968 4478 prout
2994 4418 3097 4462 eos
3133 4402 3378 4461 eviden-

1832 4500 1921 4555 ter
1949 4496 2227 4555 erudiunt
2249 4496 2314 4553 in
2341 4496 2607 4554 moribus
2636 4500 2693 4555 et
2717 4497 3024 4570 sapientia,
3047 4499 3105 4555 et
3131 4496 3219 4555 sic
3242 4501 3379 4557 sunt

1833 4590 2184 4665 Archangeli
2200 4609 2220 4664 3
2246 4593 2347 4649 aut
2385 4590 2466 4648 ad
2508 4589 2776 4664 regimen
2813 4589 3063 4664 aliquus
3093 4590 3373 4664 hominiS,

1834 4690 2012 4760 prout
2039 4700 2176 4742 eum
2216 4683 2556 4742 custodiunt
2585 4683 2647 4740 in
2675 4684 2898 4741 semitis
2923 4683 3291 4753 innocentiae,
3319 4686 3378 4742 et

1834 4779 1919 4837 sic
1936 4781 2072 4836 sunt
2092 4778 2318 4851 Angeli.
2350 4779 2507 4836 Patet
2530 4792 2675 4850 ergo
2696 4776 2847 4835 ordo
2866 4776 2944 4835 ad
2964 4777 3375 4836 sufficientiam

1834 4872 2104 4945 istorum,
2147 4873 2290 4946 quia
2334 4871 2471 4945 plus
2512 4870 2813 4945 proesideri
2858 4869 3141 4945 principi,
3191 4888 3377 4946 quam

1834 4967 1941 5025 uni
1966 4967 2148 5039 genti,
2178 4968 2236 5023 et
2269 4963 2406 5039 plus
2441 4963 2712 5038 deputari
2747 4963 2828 5021 ad
2865 4963 3198 5023 custodiam
3221 4966 3376 5024 mul·

1835 5061 2121 5133 titudiniS,
2152 5075 2335 5135 quam
2352 5058 2433 5116 ad
2460 5057 2725 5131 regimen
2746 5072 3015 5131 personas
3039 5058 3374 5131 singularis.

1906 5154 2102 5213 Primo
2131 5152 2383 5229 quidam
2418 5150 2768 5210 ordinantur
2793 5148 2875 5209 ad
2897 5151 3169 5225 regimen
3212 5152 3377 5227 prin-

1834 5281 1925 5334 ubi
1951 5295 2088 5346 sup„
2116 5294 2170 5332 n.
2201 5282 2280 5330 10.
2311 5304 2374 5315 —
2411 5278 2432 5308 ⁸
2469 5276 2606 5329 Psal.
2645 5288 2747 5341 cn,
2773 5279 2851 5329 20.
2883 5302 2945 5316 —
2981 5278 2998 5309 ⁷
3028 5276 3174 5331 ibid..
3203 5281 3285 5331 21.
3314 5306 3378 5320 -

1836 5354 1859 5389 ⁸
1887 5351 2060 5411 Hebr„
2090 5365 2129 5414 1,
2160 5354 2235 5402 14.
2263 5376 2326 5387 —
2354 5351 2373 5381 ²
2404 5350 2523 5411 Isa„
2555 5358 2703 5411 xvm,
2734 5350 2784 5399 2.

3061 5444 3138 5509 39
