4059 6317
761 412 885 482 286

743 547 1332 633 concupiscentiam
1389 550 1740 631 provocet,
1785 548 2088 614 describit
2144 568 2298 614 eum

753 660 1068 741 quantum
1123 657 1204 721 ad
1247 655 1563 739 triplicem
1615 656 2098 739 proprietatem,
2148 675 2299 740 quae

753 783 1011 830 omnem
1059 765 1341 831 animam
1391 763 1705 830 desiderio
1757 766 1858 831 sui
1902 765 1970 829 in
2009 782 2295 831 amorem

752 872 973 937 trahit.

831 979 1050 1045 Primo
1094 978 1395 1046 describit
1439 996 1592 1045 eum
1634 983 1949 1063 quantum
1994 979 2077 1044 ad
2112 979 2293 1044 beni-

753 1086 1067 1168 gnitatem
1091 1135 1111 1167 ,
1172 1090 1430 1171 propter
1477 1088 2080 1153 communicativam
2128 1104 2297 1170 prae·

752 1193 1022 1259 sentiam
1042 1195 1388 1278 majestatis
1399 1194 1726 1259 altissimae
1744 1215 1761 1275 ;
1779 1195 2081 1268 secundo,
2099 1212 2299 1278 quan·

750 1305 894 1367 tum
918 1304 998 1368 ad
1025 1303 1417 1369 nobilitatem
1444 1309 1706 1388 propter
1734 1303 2172 1369 excellentiam
2198 1304 2295 1368 di-

752 1412 1018 1494 gnitatis
1034 1430 1353 1496 personae;
1386 1414 1598 1494 tertio,
1630 1417 1942 1497 quantum
1962 1413 2044 1477 ad
2064 1412 2293 1476 libera-

749 1518 1015 1600 litatem,
1074 1524 1330 1604 propter
1371 1520 1859 1587 redundantiam
1910 1518 2296 1603 copiositatis

750 1626 1078 1692 doctrinae.
1109 1628 1327 1694 Primo
1347 1628 1645 1693 describit
1680 1646 1832 1693 eum
1859 1632 1934 1693 ut
1961 1626 2297 1710 benignis-

748 1734 1011 1815 simum,
1058 1739 1317 1819 propter
1366 1736 1971 1801 communicativam
2010 1752 2293 1818 praesen-

750 1842 904 1907 tiam
948 1842 1272 1908 altissimae
1316 1843 1663 1925 majestatis
1680 1891 1697 1920 ‚
1730 1861 1879 1907 cum
1906 1843 2057 1908 dicit
2086 1864 2103 1907 ι
2140 1842 2296 1909 Cum

749 1950 1012 2019 venera.
1056 1950 1217 2017 Vere
1249 1969 1491 2034 magna
1519 1951 1920 2033 benignitas,
1953 1951 2108 2034 quia
2146 1951 2295 2015 talis

754 2061 819 2122 et
857 2061 1073 2123 tantus
1114 2059 1333 2125 doctor
1368 2076 1498 2124 non
1538 2058 1926 2141 dedignatur
1969 2058 2192 2124 venire
2213 2057 2295 2123 ad

751 2183 903 2232 suos
929 2165 1274 2248 discipulos
1288 2213 1305 2243 ‚
1337 2170 1556 2231 contra
1581 2165 2106 2231 consuetudinem
2135 2164 2294 2230 alio-

752 2290 900 2338 rum
941 2272 1424 2354 magistrorum.
1470 2271 1760 2338 Secundo
1799 2271 2100 2337 describit
2141 2290 2291 2337 eum

753 2385 826 2444 ut
862 2379 1327 2445 nobilissimum
1346 2429 1364 2459 ‚
1413 2384 1673 2463 propter
1713 2378 2154 2445 excellentiam
2195 2380 2293 2443 di-

750 2486 1012 2569 gnitatis
1038 2504 1347 2570 personae,
1380 2486 1779 2551 cum·subdit
1808 2504 1826 2550 t
1852 2485 1967 2553 me
1992 2487 2292 2568 Spiritus

749 2594 1070 2662 veritatis.
1097 2592 1269 2658 Nihil
1294 2593 1470 2657 enim
1492 2592 1923 2673 excellentius,
1948 2593 2113 2658 nihil
2138 2611 2292 2677 pre-

745 2702 993 2780 tiosius,
1027 2701 1191 2766 nihil
1214 2700 1492 2767 nobilius
1528 2700 1772 2784 Spiritu
1805 2705 2044 2766 sancto.
2076 2700 2291 2767 Tertio

747 2809 1043 2875 describit
1070 2827 1223 2875 eum
1250 2813 1326 2874 ut
1346 2809 1891 2890 liberalissimum,
1914 2813 2178 2894 propter
2195 2830 2294 2877 re-

747 2916 1164 2981 dundantiam
1203 2916 1584 3000 copiositatis
1608 2917 1938 2998 doctrinas,
1962 2936 2110 2984 cum
2142 2918 2293 2985 sub·

745 3024 938 3089 infert
975 3044 989 3088 ε
1036 3023 1294 3091 Docebit
1343 3038 1456 3091 vos
1504 3039 1750 3091 omnem
1789 3025 2141 3094 veritatem.
2202 3026 2290 3092 De

749 3134 868 3197 isto
893 3138 1025 3198 tam
1063 3133 1405 3198 fortissimo
1440 3133 1694 3199 doctore
1739 3152 1963 3199 omnes
2003 3135 2126 3200 rivi
2178 3154 2289 3200 sa-

747 3239 1027 3323 pientire,
1055 3245 1118 3305 et
1142 3240 1421 3305 scientiae
1447 3239 1844 3305 derivantur.

827 3347 985 3413 Dicit
1031 3364 1191 3430 ergo
1236 3370 1251 3412 :
1302 3347 1458 3413 Cum
1497 3349 1766 3414 venerit.
1820 3347 1940 3413 Ubi
1993 3348 2290 3413 describit

747 3471 898 3519 eum
924 3459 1238 3538 quantum
1258 3454 1335 3519 ad
1357 3452 1816 3535 benignitatem
1846 3458 2101 3538 propter
2120 3471 2290 3519 com-

749 3563 1203 3627 municativam
1249 3562 1651 3645 praesentiam
1700 3556 2026 3627 altissimae
2055 3564 2290 3645 majes-

747 3671 916 3736 tatis,
957 3670 1026 3736 Si
1049 3673 1378 3754 quaeratur
1400 3670 1563 3734 ratio
1590 3677 1790 3753 quare
1819 3669 1924 3733 ille
1949 3669 2284 3751 benignis·

747 3779 951 3843 simus
995 3777 1271 3861 Spiritus
1303 3779 1608 3859 dignatur
1636 3776 1717 3841 ad
1752 3794 1901 3841 suos
1943 3776 2286 3860 discipulos

749 3886 968 3951 venire
986 3934 1007 3965 ,
1039 3886 1278 3969 optime
1314 3883 1736 3967 respondetur
1765 3883 1938 3966 quod
1965 3902 2086 3949 sua
2114 3883 2288 3949 beni·

747 3994 960 4076 gnitas
987 3996 1081 4057 est
1115 3992 1276 4056 ratio
1320 3991 1665 4075 praecipua.
1698 3989 1857 4056 Nam
1885 3994 2134 4057 ratione
2170 3993 2281 4058 be-

745 4100 1026 4183 nignatis
1059 4117 1197 4164 suae
1233 4100 1411 4166 venit
1441 4099 1560 4163 iste
1604 4098 1875 4181 Spiritus
1913 4122 1928 4164 ε
1961 4101 2170 4183 primo
2210 4104 2287 4166 ut

745 4206 1032 4273 medicus
1069 4206 1266 4271 totius
1308 4205 1742 4288 experientiae,
1788 4210 2048 4288 propter
2088 4206 2284 4272 colla·

745 4317 986 4381 tionem
1015 4314 1361 4398 spiritualis
1388 4319 1453 4380 et
1477 4314 1822 4398 corporalis
1847 4317 2033 4395 vitae3
2066 4334 2287 4382 secun-

743 4423 828 4488 do
854 4428 927 4488 ut
952 4424 1259 4505 magister
1289 4423 1482 4489 totius
1515 4424 1840 4506 sapientiae
1856 4472 1872 4495 .
1901 4429 2159 4508 propter
2182 4426 2285 4489 in-

743 4531 1157 4595 structionem
1200 4530 1376 4594 utilis
1418 4530 1756 4610 doctrinae3
1805 4531 1989 4596 tertio
2042 4536 2115 4595 ut
2166 4550 2283 4597 rex

741 4638 936 4703 totius
964 4637 1306 4719 opulentiae
1321 4686 1339 4717 ,
1368 4641 1626 4720 propter
1658 4638 2046 4704 amotionem
2076 4640 2285 4705 totalis

657 4764 668 4773 ·
739 4745 1140 4827 indigentiae.
1176 4744 1467 4810 Primum
1512 4750 1608 4810 est
1655 4750 1939 4829 respectu
1990 4747 2283 4814 infirmo·

740 4871 930 4933 rum;
963 4852 1316 4917 secundum
1343 4855 1635 4934 respectu
1651 4852 2130 4939 ignorantium;
2161 4858 2284 4921 ter·

740 4960 900 5024 tium
945 4963 1240 5042 respectu
1292 4976 1669 5042 pauperum.
1727 4958 1944 5026 Primo
1986 4963 2163 5028 venit
2211 4967 2283 5030 ut

741 5066 1024 5133 medicus
1043 5068 1238 5133 totius
1263 5067 1694 5152 experientiae,
1716 5073 1975 5152 propter
1999 5070 2281 5137 collatio·

738 5190 888 5238 nem
926 5174 1274 5259 spiritualis
1316 5180 1380 5239 et
1416 5175 1763 5261 corporalis
1793 5176 1969 5243 vitae.
2004 5177 2055 5243 Ο
2084 5196 2281 5262 quam

737 5281 978 5363 peritus
1014 5287 1110 5348 est
1146 5272 1599 5362 ille'medicus',
1628 5283 1743 5367 qui
1767 5289 2057 5351 mortuos
2088 5287 2279 5371 spiri-

737 5388 990 5455 tualiter
1033 5394 1098 5464 et
1139 5391 1548 5477 corporaliter
1586 5391 1898 5475 vivificat,
1930 5399 1995 5458 et
2019 5411 2279 5461 omnem

1729 436 1734 445 ·
1857 407 2278 480 SERMONES
2318 406 2422 480 DE
2463 409 2857 483 TEMPORE.

2407 548 2791 633 languorem
2812 554 2993 617 curat
3018 551 3157 617 sine
3177 550 3346 618 ferro
3374 556 3439 619 et
3462 552 3596 619 sine
3616 554 3785 638 igne,
3813 558 3907 624 sed

2409 656 2544 721 solo
2590 676 2725 723 suae
2778 658 3124 725 voluntatis
3160 659 3553 744 beneplacito
3600 680 3618 725 t
3661 662 3822 729 Unde
3845 672 3903 730 ¹:

2417 788 2449 826 α
2478 762 2661 843 Veni,
2691 766 2976 849 spiritnS,
3007 771 3071 831 et
3099 766 3357 832 insuffla
3382 786 3575 852 super
3589 770 3909 836 interiectos

2408 872 2585 952 istos,
2615 879 2679 938 et
2705 873 3111 955 reviviscant,
3140 896 3173 935 n
3207 875 3495 941 sciliceta
3512 882 3711 942 morte
3733 878 3909 961 cnlpae

2407 998 2525 1063 per
2558 980 2959 1047 collationem
3006 982 3259 1064 gratiae.
3309 981 3486 1048 Unde
3525 984 3687 1048 sicut
3710 1002 3912 1068 corpus

2407 1093 2504 1152 est
2528 1090 2858 1154 mortuum
2898 1089 3040 1154 sine
3083 1090 3300 1155 anima
3320 1138 3337 1169 ,
3367 1090 3459 1155 sic
3482 1094 3547 1155 et
3570 1091 3776 1156 anima
3797 1092 3914 1156 sine

2408 1194 2651 1277 Spiritu
2694 1201 2936 1262 sancto.
2978 1196 3269 1263 Secundo
3313 1198 3489 1264 venit
3524 1203 3600 1262 ut
3647 1199 3916 1281 magister

2408 1302 2604 1367 totius
2627 1305 2974 1387 sapientiae,
3001 1309 3258 1388 propter
3273 1305 3749 1371 instructionem
3765 1306 3917 1370 utilis

2405 1409 2737 1475 doctrinae.
2780 1411 2804 1474 Ι
2810 1430 2920 1494 pse
2958 1412 3132 1476 enim
3170 1415 3269 1477 est
3296 1412 3531 1477 fontale
3564 1413 3918 1497 principium

2405 1518 2618 1581 omnis
2645 1518 2948 1598 scientiae,
2970 1521 3035 1583 et
3059 1519 3412 1602 specialiter
3427 1520 3782 1586 christianae
3800 1521 3923 1585 doc-

2403 1625 2618 1704 trinae,
2648 1625 2785 1691 sive
2801 1626 3209 1709 propheticae,
3239 1626 3377 1693 sive
3393 1628 3750 1711 apostolica!
3781 1650 3796 1691 ε
3822 1628 3917 1693 do·

2407 1734 2505 1796 cet
2525 1733 2699 1797 enim
2725 1737 2967 1799 rectam
2995 1734 3232 1816 legem.
3264 1735 3342 1800 Et
3365 1739 3624 1819 propter
3648 1737 3765 1802 hoc
3782 1736 3918 1801 dici-

2407 1842 2515 1904 tur
2540 1847 2565 1882 ²
2595 1861 2613 1905 ε
2654 1838 2950 1925 «Optavi,
2980 1845 3045 1907 et
3066 1841 3255 1907 datus
3279 1846 3378 1908 est
3403 1842 3562 1907 mihi
3590 1862 3837 1923 sensus3
3869 1847 3922 1907 et

2408 1945 2701 2013 invocavi
2723 1996 2742 2026 ‚
2772 1953 2837 2014 et
2862 1949 3041 2015 venit
3065 1949 3135 2013 in
3161 1966 3267 2014 me
3292 1949 3552 2033 spiritus
3581 1950 3917 2035 sapientiae;

2406 2058 2473 2118 et
2490 2055 2817 2138 praeposui
2843 2055 3021 2121 illam
3046 2056 3264 2138 regnis
3288 2059 3354 2121 et
3379 2056 3677 2137 sedibus3
3704 2062 3769 2121 et
3791 2057 3923 2122 divi·

2402 2163 2525 2227 tias
2553 2162 2715 2227 nihil
2742 2180 2879 2229 esse
2915 2164 3073 2229 duxi
3100 2164 3169 2227 in
3194 2165 3668 2246 comparatione
3696 2164 3871 2230 illius.
3890 2184 3916 2224 ι

2406 2268 2568 2348 Quia
2613 2269 2888 2354 Spiritus
2926 2274 3215 2351 sanctus,
3254 2271 3401 2336 licet
3443 2271 3527 2337 sit
3567 2271 3837 2337 liberalis
3870 2275 3924 2336 et

2401 2378 2631 2461 largus
2664 2379 2733 2444 in
2771 2378 3012 2459 dando,
3040 2378 3195 2463 quia
3226 2378 3420 2444 etiam
3455 2382 3554 2444 est
3580 2379 3851 2462 prudens
3872 2382 3925 2442 et

2401 2486 2713 2551 discretus
2737 2486 2807 2551 in
2831 2486 3279 2570 dispensando,
3310 2486 3453 2552 ideo
3475 2486 3559 2552 ad
3585 2487 3732 2566 hoc,
3751 2490 3823 2552 ut
3832 2486 3924 2552 ali·

2400 2593 2549 2678 quis
2575 2594 2657 2659 ab
2685 2595 2823 2678 ipso
2850 2612 3169 2678 magnum
3202 2596 3588 2661 beneficium
3626 2596 3923 2679 impetret,

2400 2702 2753 2785 requiritur
2794 2703 3234 2769 convenientia
3261 2704 3493 2770 debitae
3517 2702 3926 2788 dispositionis

2400 2826 2484 2873 ex
2514 2813 2691 2892 parte
2717 2809 2841 2875 sui.
2874 2808 2955 2874 Et
2981 2813 3237 2894 propter
3261 2810 3386 2876 hoe
3408 2810 3647 2876 dicitur
3677 2832 3695 2873 ε
3724 2810 3926 2894 optavi

2399 2914 2763 2981 vehementi
2827 2915 3143 2982 desiderio
3199 2916 3437 2982 amoris
3453 2963 3476 2996 ,
3526 2923 3591 2986 et
3641 2916 3925 2984 invocavi

2398 3042 2548 3089 cum
2574 3024 2912 3090 devotione
2933 3027 3001 3089 in
3022 3025 3329 3091 oratione.
3360 3023 3441 3089 Et
3467 3028 3625 3090 tunc
3648 3026 3829 3091 datus
3843 3027 3925 3088 est

2397 3131 2562 3195 mihi
2607 3149 2836 3197 sensus
2875 3133 3271 3197 discretionis
3288 3180 3311 3212 ,
3341 3137 3405 3197 et
3430 3132 3790 3215 prudentiae
3810 3181 3827 3209 ‚
3870 3134 3926 3196 et

2398 3242 2579 3308 venit
2605 3242 2682 3307 in
2705 3258 2802 3309 me
2826 3242 3105 3325 spiritus
3130 3241 3546 3306 illuminantis
3570 3241 3922 3324 sapientiae.

2397 3350 2488 3416 Et
2506 3352 2834 3432 proeposui
2862 3349 3042 3416 illam
3081 3348 3380 3413 omnibus
3406 3347 3598 3413 rebus
3617 3352 3924 3431 tempora-

2393 3455 2585 3535 libus,
2626 3474 2704 3521 eo
2742 3456 2914 3539 quod
2957 3456 3132 3523 nihil
3172 3459 3326 3520 sunt
3364 3457 3441 3522 in
3466 3457 3928 3539 comparatiom

2395 3563 2600 3629 illius.
2630 3562 2793 3629 Nam
2823 3563 2879 3628 si
2908 3562 3236 3645 Scriptura
3263 3562 3511 3643 sileret,
3546 3561 3927 3647 experientia

2395 3671 2665 3752 doceret,
2698 3671 2850 3754 quia
2875 3674 3125 3735 cunctae
3146 3686 3250 3734 res
3274 3686 3405 3734 non
3431 3670 3669 3734 satiant
3692 3667 3924 3754 appeti·

2393 3780 2533 3841 tum
2559 3778 2792 3842 animae
2819 3776 3177 3854 rationalia,
3206 3793 3285 3841 eo
3310 3776 3481 3860 quod
3513 3776 3811 3841 homines
3833 3775 3925 3838 bis

2393 3883 2694 3948 omnibus
2728 3884 2971 3966 adeptis
3007 3882 3399 3948 ardentiores
3423 3886 3575 3948 sunt
3613 3884 3685 3948 in
3716 3881 3923 3966 acqui-

2390 3991 2590 4056 rendo
2622 4013 2638 4056 z
2669 3995 2734 4056 et
2759 3991 2900 4056 ideo
2930 3991 3094 4055 nihil
3123 3990 3549 4072 manifestius,
3588 4010 3791 4074 qnam
3818 3990 3924 4055 ho·

2391 4116 2539 4163 rum
2566 4097 2920 4181 acquisitio,
2942 4098 3046 4162 vel
3078 4098 3412 4181 possessio,
3446 4097 3588 4181 plus
3614 4097 3810 4164 habet
3840 4097 3927 4161 fa-

2390 4205 2634 4271 tuitatis
2681 4210 2744 4271 et
2787 4205 3160 4288 indigentiae
3183 4253 3203 4285 ,
3253 4223 3453 4288 quam
3497 4205 3829 4270 soliditatis
3868 4206 3927 4266 et

2389 4314 2810 4379 sufficientiae.
2868 4311 3048 4379 Unde
3097 4313 3166 4376 in
3227 4312 3322 4376 eis
3384 4329 3724 4395 nunquam
3776 4310 3926 4376 sistit

2390 4422 2734 4505 appetitus,
2765 4420 2918 4504 quia
2945 4437 3074 4484 non
3102 4419 3349 4485 invenit
3374 4417 3777 4484 soliditatem.
3809 4415 3926 4482 Sed

2389 4528 2657 4612 spiritus
2695 4528 3022 4612 sapientiae
3056 4531 3153 4591 est
3176 4526 3374 4591 totius
3400 4526 3635 4590 animae
3664 4523 3927 4608 comple-

2388 4635 2566 4702 tivus
2592 4639 2657 4700 et
2686 4635 3159 4713 moderativus3
3190 4634 3282 4698 ita
3304 4633 3480 4697 enim
3507 4633 3782 4698 inebriat
3804 4631 3927 4697 ani·

2390 4764 2587 4827 mam,
2627 4751 2702 4811 ut
2720 4746 2806 4811 -in
2839 4745 3141 4810 omnibus
3189 4744 3492 4827 operibus
3526 4743 3803 4809 ducatur
3830 4760 3928 4807 so-

2390 4854 2544 4919 brie.
2597 4852 2808 4919 Tertio
2848 4854 3026 4919 venit
3068 4857 3140 4918 ut
3179 4870 3300 4916 rex
3342 4852 3539 4917 totius
3564 4852 3921 4936 opulentiae,

2389 4968 2649 5048 propter
2656 4963 3036 5029 amotionem
3054 4961 3248 5027 totius
3263 4961 3661 5044 indigentiae.
3684 4960 3923 5027 Unde⁸z

2398 5095 2431 5133 α
2456 5071 2685 5137 Factus
2729 5076 2824 5137 est
2864 5070 2943 5136 de
2983 5068 3143 5136 coelo
3175 5087 3374 5134 sonus
3398 5072 3709 5154 tanquam
3738 5069 3921 5136 adve-

2388 5178 2624 5247 nientis
2640 5178 2901 5262 spiritus
2921 5175 3341 5255 vehementis,
3362 5179 3427 5240 et
3442 5175 3715 5258 replevit
3729 5178 3919 5241 totam

2388 5414 2418 5462 2
2454 5339 2699 5463 ¹3Ezeclo„
2724 5351 2932 5401 xxxva,
2961 5341 3007 5390 9.
3037 5363 3100 5377 -
3137 5337 3161 5373 ²
3191 5337 3337 5403 Sap..
3366 5346 3471 5402 vu,
3496 5339 3547 5387 7.
3570 5359 3634 5376 --
3660 5337 3682 5369 ⁸
3706 5339 3839 5401 Act,
3863 5344 3918 5400 u,

2419 5448 2438 5478 2
2497 5444 2515 5466 ⁸
3285 5438 3291 5445 ”
