4059 6317
758 493 841 555 ⁴2
1859 485 2287 558 SERMONES
2328 490 2430 558 DE
2469 491 2869 560 TEMPORE.

823 624 910 690 De
950 626 1228 692 secundo
1252 633 1316 691 ²:
1346 627 1623 709 cientque
1654 626 2037 695 incaluisset
2073 626 2190 705 sol,
2219 626 2296 694 li-

742 731 1073 815 quefiebat.
1104 732 1236 797 Hoc
1274 733 1505 798 dicitur
1529 734 1608 799 de
1636 752 1876 798 manna
1912 753 1930 799 t
1970 734 2294 817 significat

741 844 959 906 autem
998 840 1481 920 Eucharistiam,
1525 859 1674 925 quae
1714 842 1946 907 animae
1975 842 2293 907 mirabili-

740 953 840 1014 ter
885 949 1103 1031 sapida
1145 953 1241 1013 est
1272 951 1296 984 ²
1334 971 1349 1013 :
1391 949 1697 1016 Paratum
1743 965 1974 1033 panem
2010 949 2090 1016 de
2141 949 2291 1016 coelo

742 1059 1109 1141 proestitisti
1119 1057 1257 1124 illis
1272 1058 1415 1124 sine
1433 1058 1663 1137 labore,
1685 1073 1867 1125 omne
1882 1058 2291 1126 delectamen-

740 1172 875 1232 tum
902 1167 978 1232 in
1003 1181 1069 1231 se
1096 1164 1446 1241 habentem,
1492 1173 1611 1229 etc.
1659 1163 1780 1229 Iste
1813 1165 1995 1247 panis
2024 1165 2104 1230 de
2130 1165 2290 1230 coelo

740 1272 936 1352 venit,
962 1276 1026 1336 et
1050 1271 1128 1336 de
1155 1276 1325 1336 terra
1348 1272 1679 1354 colligitur
1703 1272 1840 1337 sine
1867 1272 2286 1353 agricultura.

741 1379 846 1444 Sic
885 1379 1172 1444 Christus
1215 1379 1398 1446 Jesus
1439 1382 1520 1446 de
1560 1385 1734 1446 terra
1772 1382 2104 1462 virginali,
2152 1382 2291 1448 sine

736 1487 990 1553 cultura
1025 1487 1334 1567 maritali,
1379 1486 1708 1552 exhibitus
1736 1492 1834 1553 est
1849 1493 1913 1553 ⁸:
1942 1489 2135 1556 Terra
2173 1489 2292 1557 illa

738 1593 988 1661 inculta
1023 1594 1198 1673 facta
1239 1601 1333 1661 est
1359 1598 1433 1661 ut
1456 1595 1678 1662 hortus
1703 1594 2079 1678 voluptatis.
2110 1596 2292 1662 Calor

738 1702 887 1768 solis
927 1706 1024 1769 cet
1058 1720 1240 1767 amor
1272 1702 1539 1783 Gnmsn,
1570 1721 1701 1786 quo
1725 1703 1911 1768 nohis
1927 1704 2051 1767 hoc
2078 1721 2288 1769 sacra-

738 1816 1030 1877 mentum
1054 1812 1305 1895 liquefit
1339 1827 1453 1895 per
1481 1813 1887 1892 suavitatem,
1929 1815 1993 1876 et
2033 1811 2293 1876 resolvi-

735 1924 844 1985 tur
886 1921 957 1984 in
997 1921 1295 2002 gratiam.
1343 1919 1516 1986 Licet
1559 1923 1777 1983 autem
1825 1936 2064 1983 manna
2096 1937 2137 1984 a
2160 1920 2293 1987 sole

736 2027 1117 2111 liquefieret,
1166 2027 1249 2092 ab
1285 2028 1443 2109 igne
1479 2032 1690 2091 tamen
1721 2026 2167 2092 indurabatur.
2198 2025 2292 2092 lta

736 2136 861 2199 hoc
887 2139 1379 2210 sacramentum,
1414 2152 1530 2217 per
1555 2133 1832 2197 calorem
1860 2134 2097 2198 amoris
2121 2134 2290 2199 divi-

734 2241 828 2321 ni,
860 2242 1109 2325 liquefit
1149 2242 1398 2306 homini
1426 2241 1503 2305 ad
1533 2241 1825 2305 salutem.
1868 2240 1990 2306 Per
2014 2242 2290 2307 calorem

737 2353 952 2415 autem
966 2351 1202 2415 amoris
1221 2349 1531 2414 mundani
1559 2354 1623 2418 at
1647 2350 1939 2430 carnalis,
1952 2350 2292 2417 induratur

734 2457 987 2521 homini
1032 2457 1111 2521 ad
1147 2457 1621 2522 damnationem
1651 2463 1673 2496 ⁸
1705 2474 1722 2521 ε
1759 2458 1884 2531 Qui
1916 2459 2089 2525 enim
2114 2475 2293 2524 man-

736 2563 934 2631 ducat
972 2568 1031 2631 et
1071 2562 1231 2631 bibit
1261 2564 1556 2647 indiam,
1588 2563 1919 2646 §ud-icium
1959 2565 2092 2632 sibi
2113 2583 2294 2632 man-

736 2670 960 2750 ducat,
984 2674 1103 2734 etc.
1130 2671 1165 2736 J
1168 2689 1406 2736 oannes
1432 2671 1914 2754 chrysostomus
1940 2669 1963 2708 ⁸
1993 2692 2010 2738 z
2051 2695 2082 2734 σ
2099 2673 2294 2756 Spiri-

732 2779 928 2843 tualis
972 2779 1157 2842 cibus
1200 2779 1253 2842 si
1295 2780 1576 2861 aliquem
1622 2781 1858 2862 reperit
1885 2779 2290 2863 malignitate

735 2885 1074 2968 pollutum,
1118 2885 1329 2967 magis
1363 2903 1513 2950 eum
1542 2887 1765 2968 perdit,
1795 2905 1928 2952 non
1954 2907 2074 2952 sua
2097 2892 2288 2954 natu-

735 3010 832 3071 ra,
858 2992 968 3058 sed
994 2992 1357 3075 accipientis
1383 2992 1565 3058 vitio.
1590 3014 1620 3052 ι)

817 3097 904 3162 De
938 3098 1127 3162 tertio
1165 3099 1187 3135 ⁸
1235 3120 1250 3163 ε
1301 3098 1444 3166 Non
1486 3100 1855 3181 aperientur
1892 3106 2095 3183 portoe
2134 3102 2285 3169 Hie-

735 3206 1012 3274 rusalem
1046 3222 1242 3289 usque
1265 3205 1356 3271 ad
1379 3207 1647 3273 calorem
1682 3206 1863 3275 solis,
1893 3206 2289 3274 Hierusalem

736 3319 833 3380 est
872 3315 982 3379 illa
1021 3314 1292 3380 coelestis
1319 3314 1567 3393 civitae,
1602 3314 1674 3378 in
1700 3334 1831 3398 qua
1854 3334 2079 3380 omnes
2103 3317 2289 3382 liberi

734 3422 1070 3488 erimus·⁷:
1104 3421 1249 3502 Illa,
1279 3437 1422 3506 quae
1446 3437 1695 3488 sursum
1731 3426 1846 3501 est,
1887 3422 2292 3490 Hierusalem
2411 3449 2420 3458 ·

738 3529 938 3597 libera
964 3534 1081 3597 est.
1115 3529 1329 3612 Hujus
1353 3533 1568 3612 portas
1596 3511 1817 3593 nullus
1842 3529 1979 3594 sine
2015 3531 2291 3612 pretiosa

738 3641 914 3702 veste
959 3638 1198 3702 intrare
1248 3641 1475 3717 potest.
1535 3636 1867 3702 Psalmista
1900 3638 1923 3674 ⁸
1969 3659 1984 3703 ι
2037 3640 2293 3721 Aperite

737 3745 906 3812 mihi
926 3749 1150 3828 portas
1174 3744 1467 3827 justitiae
1496 3766 1521 3810 .·
1546 3747 1878 3828 inpressas
1910 3745 1986 3811 in
2013 3761 2122 3812 eas
2148 3763 2292 3815 con-

738 3853 962 3934 fitebor
1004 3855 1294 3931 Domina,
1340 3856 1459 3917 etc.
1510 3851 1720 3917 Portae
1765 3852 1972 3935 plenae
2008 3855 2287 3922 satisfac-

738 3960 932 4025 tionis
966 3965 1031 4025 et
1055 3959 1579 4025 reconciliationis
1600 3965 1624 4000 ⁹
1656 3982 1672 4025 ι
1704 3960 1853 4027 Non
1878 3967 2017 4028 erat
2040 3963 2291 4032 licitum

738 4067 1044 4136 indutum
1080 4081 1261 4136 sacco
1298 4067 1519 4133 aulam
1548 4069 1721 4150 reqis
1756 4070 2024 4137 intrare.
2071 4070 2287 4151 Sacco,

739 4175 804 4240 id
839 4179 936 4240 est
973 4175 1086 4240 vili
1125 4174 1623 4240 conversatione.
1656 4173 1864 4238 Portae
1887 4175 2029 4240 istae
2057 4175 2290 4242 clausae

742 4287 925 4348 erant
967 4300 1084 4366 per
1134 4287 1465 4366 peccatum
1512 4282 1708 4364 primi
1733 4283 2037 4362 hominis,
2069 4289 2136 4350 et
2159 4305 2289 4351 non

744 4389 1191 4474 aperiebantur
1230 4407 1435 4473 usque
1479 4389 1558 4453 ad
1603 4389 1879 4454 calorem
1905 4392 2077 4471 solie,
2109 4393 2174 4458 id
2197 4397 2294 4458 est

743 4515 950 4581 usque
988 4496 1067 4561 ad
1096 4498 1413 4561 fervorem
1448 4495 1683 4560 amoris
1727 4495 1953 4561 Christi
1992 4499 2179 4563 nobis
2222 4502 2292 4565 in

743 4604 1037 4688 passione
1079 4602 1370 4667 exhibiti.
1421 4602 1585 4667 Ante
1609 4602 1782 4666 enim
1813 4603 2028 4669 nullus
2053 4606 2293 4672 intrare

745 4716 1014 4796 poterat.
1049 4709 1168 4775 Per
1193 4711 1441 4776 clavem
1482 4710 1656 4774 enim
1694 4711 1901 4775 crucis
1919 4714 2126 4794 janua
2150 4732 2294 4797 ape-

746 4819 968 4884 rienda
987 4823 1127 4883 erat
1148 4820 1230 4884 ¹⁰:
1256 4819 1429 4887 Dabo
1454 4819 1694 4886 clavem
1713 4818 1938 4887 domus
1965 4820 2177 4890 David
2190 4839 2293 4890 su-

743 4941 857 5008 per
896 4927 1231 4993 humerum
1284 4924 1425 5007 ejus
1443 4972 1462 5003 ‚
1507 4929 1627 4990 etc.
1673 4924 1868 4993 valde
1920 4927 2123 4992 durus
2172 4929 2288 5011 est,

746 5034 936 5115 cujus
970 5049 1082 5097 eor
1122 5032 1203 5097 ad
1246 5035 1496 5097 tantum
1538 5032 1813 5096 calorem
1849 5031 2000 5097 solis
2049 5051 2181 5100 non
2215 5035 2294 5100 li-

752 5188 1046 5324 1:153}ss
1057 5200 1200 5311 :1¹3
1232 5188 1472 5324 ‹it-‚35
1492 5188 2291 5330 §.51223‘35335252-352333

752 5330 894 5382 hom.
929 5343 1121 5395 xxvm,
1158 5345 1213 5383 n.
1258 5337 1305 5383 1.
1335 5358 1394 5372 —
1431 5333 1452 5365 ⁸
1495 5331 1536 5382 ΙΙ
1569 5330 1747 5392 Esdr„
1783 5343 1888 5396 vu,
1921 5333 1970 5384 3.
1998 5359 2062 5373 -
2098 5335 2122 5372 '¹
2153 5334 2296 5398 Gal„

756 5412 827 5464 iv,
855 5404 939 5456 26.
962 5429 1026 5442 -
1050 5403 1075 5441 ⁸
1094 5402 1237 5454 Paul.
1266 5415 1427 5467 cxvu,
1454 5406 1530 5456 19.
1559 5428 1620 5440 --
1640 5403 1661 5433 ·
1683 5401 1852 5465 mele„
1883 5413 1951 5468 tv,
1981 5407 2030 5455 2.
2051 5432 2108 5446 -·
2131 5406 2172 5442 ¹·
2189 5409 2293 5466 lea,

754 5482 884 5538 xxu,
920 5475 998 5524 22.
1024 5499 1089 5512 —
1116 5476 1152 5510 ¹¹
1181 5476 1335 5526 Bern.
1361 5500 1426 5514 —
1459 5474 1497 5509 ¹²
1525 5472 1703 5538 Exti„
1735 5485 1886 5538 xum,
1912 5477 1961 5524 4.
1990 5502 2055 5515 —
2091 5478 2127 5508 ⁸³
2157 5481 2289 5542 Aug.

2398 627 2623 710 quent.
2677 627 3139 695 Bernardusssz
3191 652 3223 692 α
3268 629 3324 696 Ο
3365 620 3620 698 duriet
3658 634 3905 703 obdurati

2396 734 2513 798 filii
2554 734 2759 800 Adam
2781 781 2800 811 ‚
2832 755 2992 819 quos
3010 755 3140 802 non
3168 737 3410 802 emollit
3436 742 3616 803 tanta
3637 739 3904 823 benigni-

2396 842 2516 920 tas,
2545 844 2721 906 tanta
2747 843 3034 923 flamma,
3051 847 3186 909 tam
3213 845 3446 926 ingens
3476 845 3662 912 ardor
3681 849 3905 927 amoris,

2396 951 2529 1034 tam
2556 949 2904 1015 vehemens
2945 958 3211 1031 amator,
3253 953 3368 1035 qui
3394 972 3512 1036 pro
3539 953 3762 1019 vilibus
3793 973 3905 1021 aar·

2397 1055 2624 1121 cinulis
2651 1058 2959 1140 pretiosas
2987 1077 3227 1125 merces
3256 1061 3588 1143 expendit!
3621 1083 3652 1121 a

2474 1161 2564 1228 De
2590 1169 2818 1247 quarto
2842 1168 2926 1230 ¹¹:
2959 1167 3321 1249 Tripliciter
3354 1168 3450 1235 sol
3475 1184 3743 1235 exurens
3767 1185 3914 1236 mon-

2397 1270 2509 1345 tes,
2571 1265 2794 1335 radios
2842 1270 3059 1351 iqneos
3111 1271 3502 1352 exsufflans.
3546 1270 3721 1337 Radit
3757 1272 3914 1353 ignei

2397 1377 2549 1437 sunt
2587 1373 3091 1442 illuminationes
3129 1382 3193 1442 et
3228 1378 3630 1461 operationes
3671 1378 3914 1462 Spiritus

2394 1479 2618 1556 sancti,
2638 1499 2679 1545 a
2700 1481 2832 1546 sole
2860 1486 3101 1548 aeterno
3138 1483 3289 1550 Jesu
3323 1484 3571 1551 Christo
3616 1485 3918 1569 proceden-

2395 1595 2512 1655 tes.
2544 1590 2799 1658 Utinam
2842 1595 2947 1660 isti
2975 1595 3136 1660 radii
3173 1600 3521 1679 tangerent
3547 1616 3766 1662 sensus
3788 1616 3918 1663 nos·

2394 1701 2557 1762 tros!
2602 1699 3018 1781 Augustinus
3042 1703 3089 1739 ¹⁸
3119 1724 3135 1767 ι
3178 1727 3209 1764 α
3234 1702 3434 1783 Mitte,
3491 1703 3787 1784 Domine,
3830 1722 3921 1769 ra-

2395 1804 2580 1870 dium
2623 1808 2950 1890 sapientiae
2989 1813 3123 1876 tuae
3141 1859 3163 1890 ‚
3215 1816 3288 1875 ut
3332 1810 3612 1894 expellat
3661 1812 3924 1876 tenebras

2395 1917 2650 1979 nostras
2665 1965 2687 1996 ,
2735 1921 2800 1981 et
2836 1916 3078 2000 fulgeat
3125 1918 3346 2001 imago
3389 1923 3506 1985 tua
3546 1920 3620 1984 in
3665 1919 3856 1985 nobis.
3893 1942 3917 1980 ι

2394 2020 2557 2087 Nota
2584 2025 2762 2106 quod
2804 2025 2959 2090 dicit
2986 2027 3376 2108 exsufflans.
3408 2026 3454 2065 ²⁸
3488 2027 3858 2109 Insufflam‘t
3878 2032 3927 2094 et

2394 2128 2580 2198 dixit
2621 2152 2639 2195 ε
2682 2133 2971 2215 Accipite
3031 2133 3362 2216 Spiritum
3416 2140 3735 2205 sanctum.
3784 2132 3926 2202 Solis

2394 2255 2558 2319 ergo
2583 2238 2754 2303 calor
2783 2244 3032 2305 montes
3057 2243 3295 2322 exurit,
3326 2243 3486 2308 dum
3511 2243 3743 2309 Christi
3767 2259 3928 2306 amor

2395 2345 2716 2428 apostolos
2760 2348 3041 2414 accendit
3085 2370 3101 2414 ε
3138 2348 3273 2414 imo
3299 2350 3581 2433 quotidie
3621 2351 3751 2416 urit
3785 2348 3925 2414 elec·

2395 2459 2495 2517 tos
2535 2471 2651 2535 per
2689 2452 2965 2537 Spiritus
3010 2457 3212 2520 sancti
3252 2457 3486 2535 radios,
3523 2457 3643 2540 qui
3672 2458 3826 2522 bene
3850 2455 3929 2520 di-

2394 2565 2631 2625 cuntur
2673 2564 2921 2626 montes
2963 2566 3226 2645 propter
3263 2564 3645 2629 meritorum
3682 2562 3929 2629 altitudi-

2395 2688 2533 2736 nes.
2567 2670 2924 2754 Tripliciter
2954 2677 3170 2737 autem
3212 2673 3467 2754 exurit,
3496 2675 3657 2757 quia
3677 2679 3774 2740 ter
3795 2691 3928 2757 apo-

2395 2777 2571 2842 stolis
2618 2777 2930 2862 Spiritum
2976 2785 3268 2846 sanctum
3309 2782 3502 2847 dedit.
3540 2782 3660 2850 Vel
3707 2785 3930 2847 montes

2396 2890 2547 2948 sunt
2588 2885 2726 2950 veri
2768 2887 3168 2968 prenitentes,
3199 2888 3314 2970 qui
3340 2888 3674 2971 tripliciter
3699 2888 3765 2952 in
3791 2905 3928 2954 eon-

2393 2990 2651 3056 tritione
2673 3039 2690 3069 ,
2757 2995 3150 3059 confessione
3163 3043 3185 3075 ,
3264 2995 3689 3062 satisfactione
3707 3044 3725 3076 ,
3787 3014 3929 3061 exu-

2394 3102 2652 3163 runtur.
2681 3099 3036 3165 PsaJmus1·
3060 3123 3076 3166 ε
3100 3102 3245 3170 Non
3269 3107 3361 3170 est
3387 3105 3505 3185 qui
3520 3119 3590 3170 se
3607 3101 3933 3172 abscondat

2393 3220 2437 3270 a
2467 3205 2673 3274 calore
2701 3205 2864 3288 eius,
2895 3212 3014 3273 etc.

2949 3385 3239 3457 SERMO
3285 3388 3406 3460 IV.

2480 3527 2636 3594 Grae
2682 3528 3101 3610 earediemini
3134 3536 3195 3598 et
3227 3532 3544 3599 Dominus
3589 3536 3718 3603 erit
3753 3534 3938 3603 vobis-

2394 3651 2541 3701 cum
2559 3634 2632 3699 2‘.
2648 3634 2801 3702 Viso
2828 3637 3105 3718 qualiter
3129 3639 3600 3719 egrediendum
3630 3642 3737 3722 sit,
3767 3642 3939 3707 modo

2396 3743 2733 3808 videamus
2777 3745 3053 3826 qualiter
3102 3745 3411 3811 Dominus
3460 3749 3800 3814 nobiscum
3845 3750 3936 3814 sit.

2399 3849 2509 3915 Est
2535 3853 2755 3916 autem
2775 3851 3109 3917 nobiscum
3138 3853 3490 3934 visibiliter,
3520 3861 3939 3921 sacramenta-

2394 3956 2573 4037 liter,
2617 3956 3023 4022 aeternaliter.
3066 3957 3412 4024 Nobiscum
3449 3964 3544 4025 est
3586 3962 3661 4028 in
3703 3967 3941 4041 natura,

2398 4063 2468 4127 in
2495 4062 2910 4145 Eucharistia,
2943 4064 3012 4127 in
3039 4065 3271 4146 gratia,
3304 4066 3376 4130 in
3406 4066 3644 4147 gloria.

2479 4171 2566 4237 De
2604 4172 2812 4254 primo
2838 4173 2925 4236 ¹⁷:
2958 4175 3122 4240 Ecce
3162 4175 3344 4257 virqo
3385 4176 3708 4258 concipiet
3735 4184 3797 4247 et
3839 4194 3947 4260 pa-

2398 4280 2545 4356 riet,
2591 4283 2657 4342 et
2697 4282 2926 4343 caetera
2949 4298 3157 4363 usque
3196 4280 3578 4349 Emmanuel
3596 4331 3618 4362 ,
3651 4284 3830 4368 quoa
3859 4288 3950 4352 in-

2402 4389 2788 4467 terpretatur
2828 4385 3158 4454 nobiscum
3192 4388 3382 4455 Deus.
3413 4389 3792 4472 Nobiscum,
3827 4396 3949 4456 tan-

2398 4510 2596 4574 quam
2635 4492 2842 4557 socius
2884 4496 3125 4574 noster,
3166 4494 3402 4560 scilicet
3448 4499 3845 4564 sensibiliter
3873 4498 3946 4562 ¹⁸:

2399 4599 2553 4668 Post
2578 4599 2706 4665 hoec
2729 4601 2806 4667 in
2838 4603 3031 4668 terris
3056 4604 3239 4668 visus
3267 4610 3382 4682 est,
3416 4609 3476 4670 et
3501 4620 3655 4671 cum
3680 4606 3954 4674 homini-

2402 4706 2518 4773 bus
2542 4713 2948 4776 conversatus
2974 4715 3091 4776 est.
3130 4707 3292 4773 Vere
3321 4710 3532 4776 bonus
3556 4714 3778 4779 socius
3797 4762 3818 4793 ,
3849 4715 3955 4797 qui

2401 4818 2466 4878 et
2503 4833 2699 4880 onera
2734 4814 2887 4880 socii
2927 4815 3030 4880 sui
3061 4814 3129 4879 in
3167 4816 3276 4880 via
3318 4821 3568 4899 portat,
3599 4824 3669 4884 et
3706 4821 3956 4886 divitias

2399 4941 2548 4988 suas
2573 4923 2744 4987 socio
2768 4940 2887 4988 suo
2908 4923 3359 4989 communicat.
3391 4923 3487 4989 lta
3511 4924 3815 4993 Christus
3839 4946 3950 4993 no-

2400 5030 2649 5095 hiscum
2696 5029 2840 5109 fuit,
2881 5032 2957 5096 ut
3000 5046 3200 5096 onera
3231 5035 3644 5112 peccatorum
3700 5040 3956 5104 nostro-

2400 5154 2550 5202 rum
2567 5137 2936 5220 portaret¹⁹z
2957 5137 3220 5206 Peccata
3235 5143 3459 5206 nostra
3478 5140 3623 5222 ipse
3639 5141 3826 5222 tulit,
3839 5145 3953 5207 etc.

2405 5361 2465 5374 —
2491 5336 2530 5371 ¹⁴
2557 5337 2723 5395 Joan..
2753 5347 2843 5398 xx,
2865 5338 2945 5387 22.
2971 5362 3032 5374 -
3057 5336 3099 5373 ¹⁸
3123 5335 3260 5388 Psal.
3284 5347 3435 5402 nrm,
3457 5339 3506 5390 7.
3530 5365 3590 5377 -
3622 5339 3675 5376 ¹⁸
3695 5342 3741 5392 ll
3764 5339 3956 5402 Pan-az„

2404 5417 2494 5470 xx,
2520 5407 2595 5458 Π.
2619 5434 2682 5446 -
2706 5406 2750 5443 ¹⁷
2776 5410 2897 5471 lea„
2920 5418 3014 5471 vn,
3037 5409 3115 5460 14.
3139 5433 3206 5446 -·
3234 5409 3275 5445 ¹⁸
3298 5409 3440 5473 Bar„
3474 5421 3558 5475 ιιι,
3589 5412 3764 5465 380-
3781 5412 3826 5451 ¹¹
3850 5412 3958 5474 lea„

2419 5490 2544 5544 mu,
2577 5482 2661 5544 ¹23
2691 5480 2710 5530 Ι
2738 5480 2899 5544 Petro,
2925 5490 2987 5545 u,
3014 5482 3098 5534 2⁴·
