4059 6317
698 517 816 578 136

695 647 965 714 traditus
995 648 1380 729 exmcatur,
1423 647 1587 713 sicut
1630 647 1862 713 dicitur
1875 650 1931 725 ¹;
1978 645 2228 712 caecitas

697 753 1036 838 superbiae,
1067 753 1136 817 in
1162 751 1470 820 Sedechia
1487 772 1644 837 rege
1670 758 1987 820 excaecato
2003 802 2022 833 ,
2066 754 2229 818 sicut

698 861 928 928 dicitur
946 861 1004 940 ³,
1024 864 1379 926 excaecatus
1404 866 1519 942 est,
1540 863 1693 946 quia
1716 861 1900 945 regia
1919 860 2229 954 dignitate

698 969 924 1048 elatus,
951 969 1062 1033 alii
1083 968 1340 1034 subesse
1367 970 1609 1048 noluit;
1635 969 1885 1035 caecitas
1912 969 2225 1048 avaritias,

698 1076 768 1141 in
804 1075 1003 1140 Tobia
1025 1076 1049 1113 ⁸
1082 1079 1356 1141 stercore
1408 1076 1832 1142 hirundinum
1885 1081 2226 1142 excaecatO.

700 1184 955 1249 Stercus
983 1183 1154 1248 enim
1181 1188 1331 1248 sunt
1354 1184 1725 1266 temporalia
1752 1185 1921 1249 bona
1950 1188 2013 1249 et
2038 1202 2228 1249 mun-

700 1292 865 1357 dana
888 1292 950 1355 ⁶:
988 1290 1262 1356 «Omnia
1304 1291 1752 1356 detrimentum
1778 1290 1933 1368 feci,
1964 1292 2029 1355 et
2055 1289 2227 1354 arbi-

689 1402 839 1463 ·tror
863 1401 938 1464 ut
962 1402 1259 1466 stercora.
1274 1420 1305 1460 υ
1349 1398 1605 1465 Caecitas
1631 1398 2013 1463 infidelitatis
2042 1401 2136 1462 est
2162 1397 2230 1462 in

704 1504 929 1589 Elyma
941 1507 1052 1589 qui
1069 1506 1399 1572 resistebat
1413 1504 1613 1571 Paulo
1637 1506 2000 1589 praedicanti
2011 1505 2227 1586 fidem,

702 1613 783 1679 de
808 1632 937 1697 quo
959 1618 1021 1677 ⁸:
1055 1613 1257 1679 «Ecce
1285 1631 1517 1678 manus
1543 1612 1797 1677 Domini
1829 1630 2019 1695 super
2045 1617 2142 1691 te,
2170 1616 2235 1677 et

704 1721 834 1786 eris
859 1739 1089 1801 caecus,
1115 1742 1148 1782 n
1178 1725 1298 1786 etc.
1330 1720 1481 1785 Haec
1515 1723 1791 1803 quatuor
1832 1719 2230 1802 exponendo,

705 1845 954 1895 morare
977 1833 1052 1893 ut
1079 1828 1198 1895 vis.

1247 2006 1534 2078 SERMO
1577 2007 1694 2078 IV.

790 2153 1136 2234 Confestim
1156 2152 1331 2218 vidit
1348 2158 1396 2229 ⁰,
1424 2154 1543 2216 etc.
1572 2148 1854 2226 Quatuor
1879 2152 2058 2229 sunt,
2088 2166 2236 2232 quae

707 2262 986 2326 animam
1013 2259 1329 2343 peccantis
1345 2262 1724 2324 echatam
1741 2257 1958 2323 videre
1970 2256 2233 2335 faciunt,

706 2369 1001 2436 videlicet
1033 2366 1456 2433 tribulationis
1499 2367 1832 2450 purgatio‘,
1864 2365 2097 2432 Christi
2131 2365 2234 2429 in-

709 2475 1011 2554 carnatio,
1037 2473 1321 2539 veritatis
1345 2472 1738 2556 praedicatio,
1780 2473 2011 2556 gratias
2039 2470 2239 2554 inspi-

708 2582 895 2648 ratio.

789 2690 876 2755 De
898 2690 1106 2772 primo
1119 2695 1180 2754 ⁷:
1217 2712 1250 2752 α
1266 2688 1537 2772 Collyrio
1555 2688 1801 2771 inunge
1828 2687 2045 2753 oculos
2069 2690 2238 2767 tuos,

712 2804 786 2865 ut
811 2799 1051 2865 videas.
1071 2818 1103 2858 ι)
1141 2796 1221 2862 Ut
1259 2800 1475 2861 autem
1498 2795 1717 2862 videas
1732 2842 1752 2874 ‚
1783 2805 1848 2861 et
1887 2795 2047 2860 scias
2072 2794 2241 2878 quod

712 2923 863 2970 cum
900 2903 1143 2988 liquido
1192 2902 1454 2985 collyrio
1496 2901 1794 2985 purgatio
1834 2901 2071 2967 divinae
2110 2919 2244 2966 cor-

712 3010 1008 3076 rectionis
1057 3012 1153 3073 est
1196 3007 1569 3088 necessaria,
1625 3008 1767 3073 ideo
1821 3007 2247 3091 subjungitur

713 3118 1112 3184 immediate:
1153 3139 1184 3178 α
1199 3115 1338 3198 Ego
1365 3132 1525 3199 quos
1550 3133 1718 3196 amo,
1747 3133 1955 3198 arguo
1977 3119 2042 3180 et
2067 3114 2246 3179 casti-

717 3244 828 3309 go.
856 3223 1234 3290 Acutissima
1260 3223 1520 3306 collyria
1542 3209 1933 3286 sustinentur
1958 3239 2076 3304 pro
2102 3239 2247 3286 ocu·

714 3334 794 3399 lis
820 3330 1130 3416 corporis3
1162 3333 1400 3413 quanto
1435 3328 1643 3410 magis
1670 3347 1787 3412 pro
1822 3328 2020 3393 oculis
2056 3328 2244 3393 intel-

714 3444 916 3507 lectus
939 3440 1173 3505 animae
1212 3437 1606 3521 purgandis?
1630 3437 1652 3472 ⁶
1705 3460 1738 3499 (ι
1754 3436 2017 3503 Vexatio
2057 3436 2250 3501 inte1-,

715 3550 951 3613 lectum
1003 3546 1175 3612 dabit
1226 3545 1495 3611 auditui.
1512 3567 1544 3606 s
1598 3545 1775 3611 Unde
1813 3553 1877 3610 et
1928 3545 2249 3627 Stephano

715 3657 952 3721 virtute
986 3654 1231 3739 collyrii
1267 3654 1580 3738 passionis
1609 3654 1679 3717 in
1703 3656 1951 3719 tantum
1988 3652 2251 3735 purgati

720 3767 874 3829 sunt
888 3761 1075 3840 oculi,
1090 3765 1165 3826 ut
1189 3760 1434 3827 videret
1456 3759 1774 3842 «gloriam
1795 3758 1929 3838 Dei,
1954 3764 2019 3824 et
2034 3759 2068 3825 J
2070 3777 2251 3825 esum

720 3874 991 3936 stantem
996 3892 1057 3949 ‚n
1093 3874 1237 3948 etc.,
1259 3869 1423 3934 sicut
1447 3868 1734 3934 dicitur⁹.

800 3978 887 4044 De
910 3978 1279 4043 secundom:
1310 3999 1342 4038 α
1359 3976 1433 4040 In
1451 3975 1768 4059 judicium
1794 3993 1920 4058 ego
1948 3977 2016 4041 in
2062 3995 2252 4041 mun-

720 4087 878 4152 dum
904 4085 1075 4162 veni,
1103 4087 1178 4149 ut
1202 4084 1314 4167 qui
1337 4101 1470 4148 non
1491 4084 1731 4164 vident,
1755 4083 2034 4163 videant,
2065 4087 2130 4148 et
2144 4084 2257 4166 qui

720 4195 961 4272 vident,
977 4192 1130 4257 caeci
1156 4193 1367 4257 flant.»
1390 4190 1554 4268 Quid
1582 4191 1844 4270 mirum,
1878 4210 2027 4255 cum
2059 4192 2255 4256 etiam

723 4302 796 4365 in
807 4301 937 4367 sole
945 4299 1439 4364 materialivisus
1455 4298 1755 4364 infirmus
1774 4298 2066 4377 laedatur,
2080 4298 2258 4364 visus

724 4406 902 4471 fortis
925 4405 1305 4470 delectetur?
1342 4403 1444 4470 Sic
1472 4407 1693 4488 utique
1718 4406 1787 4468 in
1812 4404 1943 4471 sole
1971 4407 2258 4472 aeternali

726 4514 971 4579 Christo
1014 4512 1197 4578 visus
1236 4512 1589 4577 infidelium
1623 4512 2014 4592 retunditur,
2054 4517 2117 4578 et
2152 4531 2260 4578 ex-

725 4623 1015 4687 caecatur.
1037 4617 1214 4685 Unde
1237 4619 1317 4684 de
1343 4619 1474 4684 sole
1496 4619 1725 4685 dicitur
1739 4621 1815 4685 ¹¹:
1847 4643 1878 4682 α
1893 4619 2103 4685 Radiis
2128 4621 2261 4686 suis

648 4802 658 4818 ,
727 4732 1003 4794 excaecat
1044 4727 1127 4810 (α)
1176 4726 1457 4790 oculos.»
1493 4724 1616 4792 Sed
1652 4717 1829 4792 visus
1868 4726 2154 4793 fidelium
2192 4729 2261 4792 in

728 4837 853 4901 hoc
877 4835 1008 4900 sole
1025 4832 1367 4899 delectatur
1385 4835 1434 4873 ¹²
1458 4855 1474 4899 ε
1498 4856 1531 4896 α
1544 4833 1734 4900 Dulce
1758 4835 1977 4901 lumen
1990 4840 2054 4901 et
2067 4836 2262 4901 delec-

729 4941 921 5009 tabile
945 4941 1143 5007 oculis
1158 4941 1372 5008 videre
1396 4942 1658 5020 solem,»
1684 4942 1748 5006 id
1774 4945 1890 5022 est,
1916 4941 2257 5008 Christum.

791 5141 810 5176 ¹
836 5138 1019 5204 ludia,
1061 5149 1174 5200 τινι,
1208 5141 1288 5188 21.
1315 5166 1375 5177 -
1414 5139 1433 5168 ²
1463 5139 1527 5190 lv
1566 5138 1701 5204 Κεφ,
1733 5148 1856 5202 xxv,
1885 5142 1931 5191 7.
1963 5164 2027 5176 —
2067 5138 2087 5169 ⁸
2127 5138 2261 5204 Tob„

736 5225 804 5276 ιι,
840 5217 920 5266 11.
959 5238 1024 5251 -—
1066 5210 1088 5247 ⁸
1131 5210 1342 5275 Philip„
1385 5223 1473 5275 ιιι,
1515 5212 1562 5264 8.
1600 5238 1664 5250 -
1704 5213 1727 5250 ⁸
1763 5214 1896 5275 Act„
1930 5216 2172 5286 ιιιιι,,11.
2198 5238 2260 5252 -

736 5286 755 5315 ·
784 5284 921 5346 Luc„
957 5294 1112 5347 xvm,
1156 5285 1235 5333 43.
1263 5308 1327 5320 —
1365 5283 1382 5314 ⁷
1420 5283 1589 5348 apoc..
1629 5294 1724 5348 m,
1765 5287 1842 5347 18,
1881 5287 1956 5335 19.
1989 5310 2054 5322 -
2085 5282 2109 5319 ⁸
2139 5285 2261 5351 lea„

735 5366 930 5418 xxvm,
961 5357 1037 5407 19.
1066 5380 1129 5394 -
1155 5355 1176 5386 ·
1202 5354 1335 5415 Act„
1366 5366 1471 5419 vn,
1510 5357 1587 5406 55.
1614 5380 1680 5394 —
1714 5356 1752 5392 ¹⁰
1774 5356 1939 5417 Joan„
1966 5368 2054 5420 lx,
2084 5357 2162 5404 39.
2196 5381 2260 5393 —

739 5426 778 5456 ¹¹
807 5424 988 5485 Booti..
1020 5437 1181 5489 suu,
1210 5429 1258 5477 4.
1287 5451 1351 5463 —
1392 5425 1434 5461 ¹⁸
1462 5425 1649 5487 Boele„
1675 5438 1760 5489 11,
1789 5428 1836 5478 7.
1868 5453 1923 5463 —
1952 5425 1991 5462 ¹⁸
2023 5428 2175 5490 Aug„
2200 5426 2261 5477 de

737 5495 869 5550 verb.
916 5498 1079 5564 Dum„
1116 5510 1269 5556 serm.
1307 5508 1466 5568 xv111,
1505 5497 1574 5551 al.
1622 5509 1880 5564 mxxviii,
1912 5511 1968 5550 n.
2010 5501 2058 5562 4,
2091 5498 2259 5562 quoad

1788 509 2207 578 SERMONES
2248 510 2349 577 DE
2385 509 2776 579 TEMPORE.

2332 645 2738 729 Augustinus
2761 648 2845 713 ¹⁸:
2881 646 3140 728 «Sensi,
3183 650 3481 732 expertus
3517 666 3696 729 sum,
3734 668 3868 716 non

2332 770 2469 818 esse
2502 753 2937 838 mirumquod
2975 755 3739 840 palatononsauopoena
3774 762 3870 822 est

2333 861 2542 945 panis,
2582 863 2696 946 qui
2734 881 2890 928 sano
2914 868 3012 928 est
3038 865 3288 944 suavis,
3328 869 3394 930 et
3429 865 3626 930 oculis
3668 866 3870 946 aegris

2332 970 2549 1035 odiosa
2573 974 2669 1034 est
2692 969 2840 1048 lux,
2868 989 3019 1053 quae
3044 971 3225 1054 puris
3250 975 3349 1037 est
3374 972 3687 1037 amabilis.
3702 994 3736 1031 ιι

2413 1076 2501 1141 De
2525 1076 2710 1141 tertio
2735 1077 2818 1140 ¹⁴:
2859 1099 2892 1139 ι
2909 1077 3185 1143 Audient
3208 1078 3385 1143 surdi
3411 1079 3609 1144 verba
3626 1079 3779 1144 libri
3808 1084 3871 1145 et

2333 1183 2412 1247 de
2441 1183 2744 1264 tenebris,
2772 1186 2836 1248 et
2859 1183 3132 1266 caligine
3152 1185 3320 1250 oculi
3340 1203 3664 1251 caecorum
3694 1187 3875 1252 vide—

2335 1292 2518 1355 bunt.
2539 1312 2571 1351 n
2591 1290 2707 1355 Hic
2719 1293 2814 1355 est
2833 1290 2993 1355 liber
3017 1290 3360 1374 Scripturae
3385 1311 3606 1370 sacrae,
3625 1293 3868 1377 inquo,

2336 1401 2413 1462 ut
2444 1397 2674 1463 dicitur
2696 1398 2761 1475 ¹⁸,
2798 1397 3092 1480 «scriptae
3136 1396 3211 1480 (b)
3264 1402 3448 1463 erant
3471 1399 3871 1464 lamentatio·

2334 1522 2472 1584 nes,
2501 1509 2567 1570 et
2589 1521 2865 1585 carmen,
2898 1508 2964 1569 et
2994 1522 3090 1571 vae
3111 1523 3129 1569 z
3148 1526 3181 1566 n
3213 1505 3700 1572 lamentationes
3742 1525 3878 1590 poe-

2337 1612 2682 1677 nitentium
2704 1612 2775 1676 in
2796 1612 3064 1692 mundo,
3091 1630 3351 1678 carmen
3376 1613 3791 1695 psallentium
3817 1616 3884 1678 in

2339 1720 2515 1798 coelo,
2536 1739 2639 1786 vae
2652 1720 3051 1802 gementium
3066 1720 3137 1785 in
3152 1720 3421 1785 inferno.
3439 1719 3800 1803 Gregorius
3813 1723 3882 1785 ¹⁸:

2349 1850 2381 1889 α
2396 1826 2579 1907 Mala,
2603 1844 2753 1911 quae
2776 1845 2896 1893 nos
2923 1827 3131 1909 egisse
3156 1826 3588 1908 meminimus,
3616 1827 3887 1893 fletibus

2340 1935 2713 2019 puniamus,
2744 1938 2820 2000 ut
2849 1952 2963 2018 per
2996 1934 3275 2000 lamenta
3314 1935 3712 2018 poenitentiae
3739 1952 3885 2019 per-

2339 2041 2675 2108 veniamus
2692 2042 2773 2108 ad
2796 2039 3054 2107 carmen
3077 2042 3261 2107 vitae:
3292 2060 3375 2108 ne
3395 2043 3449 2106 si
3470 2042 3677 2125 affligi
3696 2043 3890 2109 modo

2341 2149 2703 2233 poenitendo
2748 2148 3025 2215 nolimus
3042 2197 3063 2230 ,
3118 2150 3522 2232 postmodum
3564 2151 3708 2216 sine
3759 2153 3890 2217 fine

2343 2257 2709 2322 sentiamus.
2739 2277 2770 2317 n
2817 2254 3022 2321 Verba
3071 2256 3269 2339 hujus
3307 2255 3456 2321 libri
3504 2275 3638 2323 non
3672 2259 3889 2324 solum

2343 2363 2581 2429 faciunt
2605 2364 2825 2430 audire
2846 2362 3071 2428 surdos
3094 2362 3176 2427 ad
3201 2363 3625 2430 obediendum
3651 2366 3738 2430 ad
3766 2366 3884 2431 bo-

2345 2491 2526 2551 num,
2556 2472 2666 2537 sed
2692 2472 2882 2536 etiam
2915 2488 3115 2537 caecos
3149 2472 3366 2537 videre
3405 2474 3883 2555 cognoscendo.

2347 2579 2636 2646 Psalmus
2651 2581 2732 2644 ¹⁷:
2770 2601 2803 2641 ι
2831 2579 3169 2645 Declaratio
3196 2595 3568 2646 sermonum
3612 2586 3882 2648 tuorum

2346 2688 2685 2767 illuminat,
2698 2708 2729 2748 n
2765 2691 2885 2753 etc.

2426 2796 2754 2877 Dequarto
2769 2794 2813 2830 ¹⁸
2836 2813 2853 2859 ε
2882 2794 3115 2860 «Saule
3130 2796 3345 2877 stater,
3371 2796 3682 2862 Dominus
3700 2797 3890 2864 Iesus

2348 2902 2521 2967 misit
2548 2920 2673 2982 me,
2692 2901 3107 2986 qiuapparuit
3132 2901 3246 2966 tibi
3272 2904 3344 2966 in
3357 2903 3487 2984 via,
3505 2923 3637 2987 qua
3660 2905 3886 2970 venie-

2349 3011 2484 3090 baS,
2497 3014 2571 3074 ut
2595 3009 2880 3076 videsset
2888 3009 3210 3092 implearis
3236 3008 3480 3093 Spiritu
3503 3015 3784 3077 sancto.»
3817 3013 3893 3079 Ut

2351 3118 2600 3197 videas,
2612 3116 2898 3198 intellige
2916 3119 3191 3200 utroque
3210 3117 3422 3182 modo.
3439 3116 3594 3183 Item
3624 3118 3851 3185 Glossa
3871 3141 3889 3183 t

2360 3249 2393 3288 (ι
2411 3226 2793 3290 Monstratur
2818 3224 2888 3288 in
2914 3223 3091 3302 facie,
3121 3223 3292 3305 quod
3311 3223 3532 3289 lumen
3558 3227 3806 3309 recepit
3826 3227 3895 3290 in

2356 3337 2587 3398 mente.
2603 3353 2634 3393 n
2676 3330 2952 3414 Spiritus
2987 3334 3204 3395 autem
3254 3334 3510 3396 sanctus
3551 3333 3895 3398 veritatem

2356 3457 2539 3504 suam
2561 3456 2679 3503 nos
2699 3438 2915 3503 videre
2938 3455 3071 3502 non
3094 3436 3266 3518 facit,
3288 3435 3411 3500 nisi
3430 3436 3511 3501 ad
3536 3436 3896 3520 hospitium

2356 3546 2561 3612 cordis
2602 3545 2848 3611 venerit
2864 3544 2947 3609 ¹⁹:
2987 3568 3020 3606 α
3037 3543 3192 3609 Cum
3238 3547 3452 3608 autem
3491 3545 3746 3608 venerit
3788 3544 3896 3607 ille

2359 3652 2631 3736 Spiritus
2658 3653 2971 3733 veritatis,
3013 3652 3259 3718 docebit
3283 3667 3399 3716 vos
3438 3668 3703 3716 omnem
3730 3652 3898 3717 veri-

2359 3766 2579 3827 tatem.
2601 3782 2633 3821 »
2660 3761 2738 3826 Et
2754 3765 2908 3826 nota
2934 3760 3108 3844 quod
3134 3757 3373 3824 Paulus
3390 3758 3604 3825 visum
3628 3761 3897 3844 recepit,

2364 3875 2700 3953 postquam
2727 3886 2841 3951 per
2865 3867 3176 3946 triduum,
3205 3885 3413 3950 neque
3436 3867 3781 3933 comedens
3796 3884 3903 3932 ne-

2363 3995 2490 4059 que
2514 3976 2758 4056 bibens,
2791 3975 2901 4040 sed
2928 3991 3117 4039 orans
3141 3973 3289 4037 fuit:
3318 3973 3411 4037 ita
3444 3990 3651 4038 caecus
3674 3993 3898 4058 pecca-

2364 4088 2465 4149 tor
2508 4101 2623 4166 per
2661 4083 2948 4147 triduum
2988 4080 3377 4164 poenitentiae
3420 4081 3641 4163 recipit
3685 4084 3901 4148 visum

2365 4192 2619 4256 animm.
2677 4188 3148 4270 Augustinus²⁰
3180 4211 3197 4252 t
3234 4211 3267 4251 α
3292 4187 3672 4256 Paenitentia
3718 4190 3905 4256 caecis

2365 4301 2580 4365 visum
2605 4297 2900 4376 restituit,
2916 4296 3076 4361 vitia
3100 4297 3308 4377 fugat,
3325 4296 3594 4361 virtutes
3606 4302 3901 4378 exornat,

2368 4411 2644 4472 mentem
2669 4405 2879 4470 munit
2902 4408 2965 4468 et
3001 4404 3275 4469 roborat.
3306 4425 3338 4465 ι)

2446 4514 2552 4579 Sic
2571 4531 2732 4595 ergo
2750 4513 2923 4579 visus
2938 4512 3008 4576 in
3031 4510 3249 4576 anima
3275 4515 3608 4595 reparatur
3628 4530 3745 4596 per
3764 4531 3907 4597 poe-

2368 4640 2543 4699 nam,
2578 4639 2692 4704 per
2727 4623 3118 4703 assumptam
3159 4622 3482 4697 naturam,
3521 4638 3633 4702 per
3670 4619 3906 4687 doctri-

2368 4748 2543 4808 nam,
2574 4746 2685 4811 per
2727 4727 3026 4809 gratiam.
3070 4725 3432 4791 Secundum
3463 4726 3602 4791 haec
3628 4730 3909 4810 quatuor

2367 4837 2737 4904 invenimus
2747 4834 2817 4898 in
2831 4833 3158 4917 Scriptura
3170 4837 3447 4916 quatuor
3462 4851 3659 4900 caecos
3673 4833 3909 4900 illumi-

2367 4943 2609 5024 nantia,
2625 4942 2915 5008 videlicet
2938 4940 3043 5021 fel,
3061 4941 3293 5018 lutum,
3321 4941 3614 5023 verbum,
3634 4944 3903 5008 tactum.

2369 5129 2593 5168 sensum.
2624 5141 2680 5152 -
2708 5114 2753 5151 ¹⁸
2799 5113 2915 5175 Iso„
2944 5124 3090 5177 xxix,
3138 5112 3213 5164 18.
3239 5137 3304 5149 -
3337 5111 3378 5148 ¹⁸
3423 5111 3621 5173 Ezech„
3664 5124 3725 5177 ιι,
3766 5117 3817 5166 9.
3844 5137 3905 5152 -

2369 5189 2414 5223 1·
2444 5190 2598 5253 Greg.
2625 5213 2690 5225 —
2717 5187 2755 5223 ¹⁷
2781 5183 2920 5237 Psal.
2952 5195 3142 5245 cxvm,
3171 5184 3281 5235 130.
3307 5209 3372 5221 -
3396 5185 3439 5219 1·
3463 5185 3596 5246 Aet„
3628 5195 3705 5239 ix.
3730 5188 3810 5235 17.
3838 5210 3903 5222 -

2374 5260 2415 5295 1·
2444 5261 2608 5319 Ιοαη.,
2652 5270 2771 5323 xvi,
2815 5259 2891 5308 13.
2928 5282 2992 5294 —
3025 5257 3072 5290 ¹⁰
3111 5257 3221 5306 lmo
3262 5260 3442 5307 auctor
3473 5255 3588 5306 libri
3618 5255 3680 5307 de
3711 5271 3819 5308 ver.
3853 5260 3903 5307 et

2367 5330 2490 5394 fals.
2531 5332 2730 5395 Paruit„
2777 5344 2831 5381 n.
2881 5333 2938 5392 1,
2978 5326 3113 5379 inter
3159 5326 3307 5392 Oper.
3359 5330 3573 5392 August.
3596 5364 3616 5392 ,
3665 5327 3898 5392 Append.

2368 5403 2495 5453 tom.
2524 5402 2610 5452 vl.

2433 5500 2504 5566 (a)
2541 5499 2685 5566 ναις.
2717 5500 2958 5550 oseem.
2979 5524 3044 5536 -
3070 5495 3139 5565 (b)
3164 5497 3286 5549 cot.
3307 5496 3432 5550 edit.
3446 5495 3648 5565 scripta.
