4059 6317
1175 475 1276 541 DE
1315 474 1872 543 EXALTATIONE
1914 476 1981 543 S.
2026 476 2321 544 cuncis,

157 608 332 684 qm'a,
369 612 436 667 ut
469 609 778 669 dicitur¹:
819 612 993 670 «Hoc
1028 610 1694 687 signumeritincoelo,

155 717 297 760 cum
339 704 621 762 Dominus
662 703 742 763 ad
778 704 1173 780 ,iudicandum
1211 706 1457 765 venerit.
1482 726 1513 763 r
1546 710 1698 765 Bene

153 796 338 871 igitur
354 801 414 856 et
427 799 670 875 proprie
689 799 912 858 dictum
933 803 1019 859 est
1039 818 1054 858 ε
1076 801 1171 858 Ad
1191 803 1422 875 populos
1450 802 1697 860 multabo

151 895 376 964 &quum
390 910 583 951 mm.
606 898 671 954 ln
687 895 883 971 primo
913 899 1147 953 notatur
1171 896 1371 954 Crucis
1395 894 1698 965 nobilitas,

153 1002 346 1061 quam
377 1003 450 1045 ex
475 991 751 1061 tangente
781 989 1100 1061 contraxit3
1120 988 1183 1047 in
1211 988 1476 1047 secundo
1502 988 1701 1047 Crucis

150 1084 432 1156 potestas,
463 1098 645 1157 quam
675 1084 737 1140 in
760 1083 942 1156 signis
983 1082 1252 1141 ostendit.
1284 1085 1525 1141 Notatur
1553 1098 1697 1155 ergo

149 1175 354 1250 primo
405 1175 750 1235 excellentia
794 1176 1108 1250 singularis
1126 1220 1144 1248 ,
1189 1192 1326 1235 cum
1371 1175 1514 1233 dicit
1543 1196 1557 1231 :
1608 1176 1699 1233 Si-

151 1285 324 1340 gnum
349 1285 538 1328 mum.
569 1273 811 1329 Notatur
844 1270 1106 1328 secundo
1141 1270 1470 1329 reverentia
1506 1285 1700 1344 popu·

151 1362 333 1435 laris,
362 1378 501 1420 cum
525 1362 695 1421 addit
722 1381 737 1421 :
768 1365 1036 1422 Emltabo
1063 1365 1138 1421 ad
1170 1364 1422 1437 populos.
1464 1366 1556 1422 Est
1596 1364 1703 1436 igi-

151 1459 253 1514 tur
274 1455 372 1514 hic
405 1456 767 1530 notandum,
808 1458 975 1533 quod
1012 1462 1221 1534 praeter
1257 1457 1368 1515 illa
1407 1457 1701 1516 beneficia

151 1565 268 1624 per
294 1551 538 1608 Crucem
564 1549 740 1609 nobis
772 1551 851 1610 ab
897 1551 1143 1627 antiquo
1188 1551 1435 1619 collata,
1480 1567 1701 1624 magna

154 1643 337 1702 nobis
362 1646 487 1702 tota
516 1643 612 1702 die
650 1644 1000 1703 exhibentur
1025 1645 1315 1704 beneficia
1329 1688 1348 1719 ,
1376 1646 1700 1721 plusquam

152 1738 288 1797 ulla
325 1738 576 1814 exprimi
620 1740 808 1814 possit
849 1740 1089 1813 lingua,
1129 1738 1227 1798 vel
1280 1740 1458 1799 scribi
1508 1741 1706 1800 valeat

154 1832 285 1890 ulla
305 1832 525 1890 charta.
547 1836 693 1892 Nam
715 1833 910 1909 primo
935 1850 1079 1893 crux
1118 1825 1326 1892 Christi
1351 1838 1439 1893 est
1464 1834 1702 1909 siguum

160 1926 581 1985 oberrantibus
624 1927 705 1986 ad
745 1927 1014 1985 semitam
1056 1928 1466 2002 reductivum3
1516 1931 1574 1988 et
1610 1944 1703 1987 se-

158 2021 364 2079 cundo
391 2020 624 2094 siguum
640 2021 1082 2095 poenitentibus,
1102 2022 1302 2095 gratioe
1320 2022 1662 2082 collativum
1678 2043 1697 2097 3

157 2117 247 2173 est
270 2114 441 2173 tertio
474 2115 709 2187 siguum
738 2115 1174 2190 pugnantibus,
1204 2116 1565 2191 impotentiae
1606 2118 1704 2175 fir-

156 2209 483 2280 mativum3
514 2213 601 2267 est
625 2213 838 2284 quarto
867 2210 1103 2282 signum
1129 2210 1593 2285 proficientibus,
1613 2212 1702 2269 in-

155 2301 497 2376 telligentioe
523 2301 902 2372 directivum3
928 2307 1014 2361 est
1050 2304 1258 2377 quinto
1295 2303 1531 2376 signum
1569 2303 1703 2361 dili·

154 2395 438 2469 gentibus
449 2439 469 2468 ,
499 2395 917 2455 misericordiae
940 2397 1395 2472 promissivum3
1424 2400 1511 2455 est
1535 2386 1699 2455 s'exto

153 2490 399 2564 signum
423 2491 845 2565 morientibus,
872 2491 950 2550 ab
989 2490 1259 2550 hostibus
1296 2489 1696 2565 defensivum3

154 2587 246 2642 est
265 2583 521 2659 septimo
545 2585 780 2659 signum
804 2584 1304 2660 pervenientibus,
1333 2583 1412 2643 ad
1437 2583 1695 2657 gloriam

150 2676 548 2736 inductivum.

0 2789 127 2832 :mm-
225 2772 389 2837 Dico,
418 2771 586 2847 quod
614 2787 759 2830 crux
783 2771 990 2830 Christi
1010 2770 1207 2847 primo
1232 2773 1318 2829 est
1343 2771 1577 2844 signum
1607 2787 1699 2830 re-

153 2865 606 2937 clamatorium,
644 2882 768 2941 quo
809 2865 1070 2924 falcones
1095 2868 1448 2924 revocantur
1471 2865 1552 2923 ad
1577 2882 1704 2924 ma·

152 2975 325 3018 num.
360 2964 427 3020 In
451 2960 569 3019 boc
594 2964 795 3018 tamen
819 2959 1011 3033 signe,
1046 2958 1124 3017 ad
1151 2958 1402 3018 modum
1430 2959 1697 3034 aucupis,

152 3070 280 3112 non
305 3056 511 3129 posuit
535 3054 816 3112 Dominus
844 3068 1082 3111 carnem
1110 3051 1366 3110 alienam
1381 3071 1399 3125 ;
1429 3052 1537 3111 sed
1567 3068 1703 3126 pro-

152 3148 391 3222 priam,
441 3146 686 3222 proprio
740 3144 1028 3220 sanguiue
1075 3144 1496 3204 rubicundam.
1559 3145 1699 3219 Sed,

151 3242 314 3316 proh
342 3240 549 3300 dolori
583 3240 727 3314 quia
752 3240 877 3298 avis
903 3241 1183 3298 extranea
1218 3242 1432 3298 vocata
1462 3255 1571 3298 suo
1609 3256 1703 3297 re-

153 3336 508 3395 clamatorio
532 3335 693 3393 venit
704 3353 725 3407 3
769 3333 875 3392 sed
912 3334 1096 3393 homo
1138 3339 1382 3391 vocatus
1417 3333 1704 3392 reclama·

150 3430 308 3490 torio
334 3429 566 3500 Christi,
594 3444 748 3502 soepe
774 3443 899 3486 non
924 3427 1107 3498 venit,
1137 3427 1217 3486 ad
1243 3426 1496 3485 modum
1521 3427 1703 3486 saturi

150 3521 481 3598 accipitris,
522 3522 628 3596 qui
671 3525 951 3592 vocatus,
995 3520 1190 3578 redire
1234 3519 1576 3579 contemnit.
1625 3522 1703 3577 De

148 3620 269 3679 hoc
309 3618 484 3692 signo
526 3616 814 3692 profugos
853 3620 1168 3675 revocante
1206 3615 1419 3674 dicitur
1444 3615 1507 3672 ²:
1545 3634 1573 3668 α
1594 3616 1700 3672 Le-

149 3713 346 3783 vavit,
373 3711 658 3787 ivo-inquit,
692 3730 723 3766 ι
747 3710 1028 3768 Dominus
1054 3710 1290 3783 signum
1317 3708 1381 3766 in
1411 3708 1701 3777 nationes,

151 3809 210 3865 et
247 3804 643 3879 congregabit
681 3802 969 3877 profugos
995 3802 1074 3878 (a)
1101 3801 1297 3862 Israel.
1330 3823 1358 3854 ι»
1384 3801 1494 3871 Qui
1538 3803 1704 3859 erant

147 3899 417 3974 profugi,
443 3898 559 3957 nisi
586 3898 691 3974 qui
716 3897 798 3957 ad
822 3897 1077 3955 modum
1102 3896 1212 3954 filii
1238 3894 1499 3970 prodigi,
1536 3898 1703 3954 erant

149 4010 188 4053 a
215 3997 341 4052 Deo
363 3992 670 4068 peccando
699 3990 1000 4064 elongati?
1034 3989 1150 4048 Sed
1175 3989 1239 4047 bi
1265 3987 1345 4047 ad
1373 3987 1536 4047 viam
1566 3992 1704 4047 sunt

148 4086 410 4159 reducti,
439 4086 640 4145 Crucis
670 4084 983 4157 signaculo
1021 4081 1301 4142 revocati.
1344 4086 1549 4140 Nonne
1586 4081 1704 4140 hoc

150 4184 238 4239 est
280 4180 522 4254 signum
536 4220 558 4250 ,
595 4193 720 4253 quo
771 4192 1039 4237 carceres
1091 4175 1260 4235 fracti
1275 4217 1296 4247 ,
1346 4175 1478 4233 coeli
1520 4175 1707 4249 aperti

150 4274 328 4333 sunt?
355 4276 564 4332 Nonne
589 4273 706 4331 hoc
728 4280 814 4330 est
839 4271 1077 4345 signum
1092 4312 1112 4342 ,
1150 4284 1275 4344 quo
1310 4273 1451 4328 suut
1480 4268 1704 4343 leprosi

152 4366 464 4439 mundati,
487 4365 801 4442 paralytici
836 4364 1046 4436 erecti,
1083 4363 1387 4422 daemones
1428 4362 1702 4436 effugati,

152 4460 291 4519 eieci
320 4459 404 4519 ad
427 4460 634 4518 lumen
659 4458 888 4517 reducti
901 4500 924 4531 ,
952 4456 1117 4516 etad
1140 4456 1322 4515 vitam
1359 4455 1578 4515 mortui
1614 4472 1704 4515 re·

153 4558 394 4617 vocati?
436 4561 566 4617 Haec
601 4555 764 4616 enim
802 4554 1007 4614 omnia
1031 4568 1140 4629 per
1165 4554 1408 4611 Crucem
1434 4550 1702 4624 fuerunt,

154 4655 210 4711 et
235 4655 376 4710 sunt
403 4649 792 4726 corporaliter
827 4648 1011 4719 tacta,
1049 4650 1107 4705 et
1139 4644 1291 4703 fiunt
1329 4644 1704 4719 spiritualiter

154 4746 440 4806 continue
459 4747 524 4805 in
544 4745 817 4805 Ecclesia.
847 4747 1019 4816 Ergo,
1046 4740 1273 4811 trau-es,
1292 4738 1342 4796 si
1370 4737 1700 4813 deviamus,

0 4853 130 4896 snm-
151 4840 272 4900 hoc
316 4844 487 4899 tanto
531 4839 706 4914 signo
748 4836 1041 4906 revocati,
1084 4832 1418 4891 redeamus.
1463 4835 1612 4891 Nam
1648 4837 1706 4892 et

155 4935 472 5010 agniculus
513 4935 566 4993 si
611 4935 678 4993 in
717 4948 897 5007 grege
934 4927 1248 5000 erraverit,
1287 4942 1432 4986 mox
1471 4927 1707 5002 audita,

219 5132 236 5164 ¹
278 5129 425 5195 Ome.
465 5129 638 5180 Emit.
657 5129 712 5179 S.
736 5127 902 5188 Grac„
929 5122 1114 5176 versic.
1149 5149 1208 5161 —
1235 5123 1259 5157 ²
1284 5122 1405 5187 lta„
1431 5135 1506 5184 xi,
1536 5127 1616 5175 12.
1642 5148 1706 5161 —

153 5201 178 5236 ³
211 5202 352 5267 Luc„
388 5213 480 5252 xv.
508 5227 569 5239 —
594 5202 613 5231 ⁴
646 5200 792 5262 Gen„
814 5211 898 5260 ix,
929 5200 1005 5249 ¹3.
1045 5222 1100 5232 -
1132 5197 1154 5229 ⁸
1176 5195 1342 5258 Joan„
1386 5206 1509 5258 x1x,
1549 5197 1705 5244 30.-

157 5274 178 5310 ⁸
217 5272 630 5336 Bern.‚de1’ass.
661 5272 829 5331 nom„
855 5283 1011 5321 serm.
1039 5278 1185 5318 xuv.
1205 5291 1270 5304 -
1296 5268 1314 5297 ⁷
1339 5266 1434 5327 td„
1457 5268 1513 5316 in
1535 5267 1704 5330 Cant„

157 5358 312 5396 serm.
347 5358 457 5409 ui,
486 5358 541 5395 n.
570 5348 618 5395 ⁴.
647 5369 710 5382 -
733 5346 754 5375 ⁸
781 5343 928 5405 thid„
967 5339 1120 5406 paulo
1146 5337 1399 5403 superius.
1423 5339 1523 5375 ...v
1551 5338 1706 5401 amn„

161 5427 292 5480 vm,
320 5419 428 5473 32„
498 5464 508 5469 -

3232 482 3349 546 ⁸97

1806 612 1978 689 quasi
2014 612 2281 688 quodam
2309 612 2648 689 signaculo,
2678 628 2827 674 voce
2860 615 3086 686 matris,
3113 615 3353 690 signum

1806 706 2091 781 agnoscit,
2120 707 2281 767 etad
2313 724 2447 767 eam
2471 709 2740 783 protinus
2766 708 2938 768 redit.
2988 711 3184 767 Restat
3205 724 3350 782 ergo

1805 801 1974 877 quod
2009 817 2156 860 crux
2191 801 2265 860 sit
2298 802 2535 877 signum
2564 802 2644 861 ad
2664 802 2933 861 semitam
2954 801 3347 863 reductivum.

1876 894 2147 955 Secundo
2187 898 2342 954 Crux
2385 901 2471 955 est
2512 896 2747 970 signum
2773 895 3192 971 poenitentibus
3222 912 3351 970 gra-

1805 988 1899 1048 tiae
1925 988 2288 1047 collativam.
2329 989 2573 1063 Signum
2614 989 2775 1048 enim
2809 989 2997 1049 crucis
3034 989 3351 1051 nominicae

1806 1082 2043 1156 signum
2072 1088 2159 1141 est
2182 1083 2584 1158 indulgentias.
2617 1085 2674 1145 Si
2712 1084 2873 1144 enim
2918 1085 3198 1145 Dominus
3236 1100 3348 1161 pro

1806 1178 1928 1236 suis
1972 1178 2421 1238 crucifixoribus
2465 1180 2654 1240 voluit
2704 1196 2939 1240 crucem
2977 1180 3146 1257 pati3
3199 1179 3350 1256 quid

1804 1272 2024 1332 factum
2039 1277 2127 1332 est
2146 1274 2376 1332 homini
2403 1275 2688 1350 poenitere
2716 1275 2976 1335 volenti?
3001 1276 3349 1353 Exemplum

1808 1367 1883 1426 de
1905 1367 2030 1426 filio
2056 1368 2313 1443 prodigo
2340 1371 2384 1427 ⁸.
2410 1370 2573 1428 Unde
2612 1369 2827 1429 dicitur
2853 1370 2875 1406 δ
2904 1387 2919 1429 =
2955 1389 2983 1426 α
3012 1372 3235 1429 Ponam
3257 1386 3351 1429 ar·

1808 1478 1946 1520 cum
1972 1478 2174 1520 meum
2201 1463 2265 1521 in
2292 1464 2589 1535 nubibus,
2618 1469 2675 1523 et
2701 1463 2811 1522 erit
2846 1464 3083 1539 signum
3112 1465 3349 1525 Ioederis

1806 1556 1958 1614 inter
1981 1572 2079 1614 me
2105 1560 2163 1615 et
2186 1557 2340 1615 inter
2364 1561 2422 1617 te
2453 1576 2469 1616 ε
2519 1561 2576 1617 et
2608 1572 2733 1617 non
2773 1560 2945 1616 erunt
2985 1558 3142 1617 ultra
3180 1574 3351 1635 aqum

1809 1649 2015 1709 diluvii
2034 1650 2115 1708 ad
2142 1651 2468 1710 delendum
2487 1668 2727 1711 omnem
2746 1667 3006 1711 carnem.
3032 1672 3059 1708 s
3082 1651 3237 1723 Quid
3265 1656 3354 1712 est

1807 1759 1981 1802 arcus
2019 1744 2082 1801 in
2127 1745 2316 1815 nube,
2356 1746 2469 1804 nisi
2510 1747 2768 1806 Christus
2812 1746 2876 1804 in
2918 1748 3128 1805 cruce?
3169 1752 3354 1806 Arcus

1809 1852 1953 1910 ergo
2001 1837 2103 1896 ille
2150 1838 2433 1911 coelestis,
2479 1840 2623 1915 quia
2661 1840 2842 1899 habet
2881 1856 3106 1900 cornua
3147 1856 3353 1901 versus

1807 1933 2023 1990 terram
2039 1975 2060 2005 ,
2101 1935 2343 2008 propter
2379 1933 2546 2009 quod
2589 1949 2713 1993 non
2754 1936 2839 1992 est
2879 1937 3079 1993 tensus
3105 1934 3185 1994 ad
3218 1950 3352 1993 eam

1805 2025 2164 2099 feriendam,
2194 2027 2387 2101 signat
2427 2043 2639 2102 pacem
2684 2030 2741 2086 et
2782 2028 3051 2101 gratiam.
3095 2027 3354 2088 Christus

1808 2135 1953 2193 ergo
1980 2136 2119 2179 cum
2143 2121 2207 2178 in
2233 2136 2405 2180 cruce
2429 2121 2689 2180 extendit
2721 2121 3184 2182 transversanter
3212 2122 3351 2182 bra-

1809 2213 1976 2286 chia,
2009 2218 2066 2271 et
2092 2219 2269 2289 caput
2293 2214 2602 2275 inclinavit
2628 2215 2704 2275 ad
2735 2221 2982 2287 terram,
3019 2216 3168 2275 sicut
3205 2214 3352 2274 dici-

1808 2309 1904 2365 tur
1923 2309 1968 2378 ⁸,
1996 2307 2253 2381 signavit
2278 2325 2341 2367 se
2375 2309 2455 2367 ad
2480 2309 2597 2367 boo
2621 2308 2745 2384 pati
2771 2309 3064 2382 voluisse,
3100 2314 3166 2368 ut
3202 2312 3355 2370 esset

1807 2400 1923 2459 hoc
1967 2400 2203 2475 siguum
2244 2401 2446 2474 gratiss
2490 2402 2735 2474 dandae,
2778 2405 2835 2462 et
2878 2402 3089 2477 rigoris
3134 2408 3354 2479 tempe-

1807 2497 2001 2555 randi.
2043 2496 2207 2555 Unde
2238 2497 2566 2556 Bernardus
2592 2499 2651 2556 ⁸:
2692 2517 2719 2553 α
2745 2497 3020 2571 Attende,
3060 2514 3098 2556 o
3135 2497 3351 2569 homo,

1811 2592 2016 2668 capitis
2042 2593 2490 2651 inclinationem
2517 2592 2598 2651 ad
2625 2592 2917 2665 osculum,
2948 2593 3352 2652 extensionem

1810 2686 2191 2746 brachiorum
2220 2687 2299 2745 ad
2328 2687 2671 2762 amplexum
2684 2726 2706 2758 ,
2750 2685 3117 2761 apertionem
3155 2686 3354 2745 lateris

1811 2782 1890 2841 ad
1911 2783 2207 2841 affectum.
2227 2804 2255 2839 n
2276 2782 2458 2855 igitur
2473 2781 2621 2841 sicut
2639 2781 2891 2841 circulus
2910 2785 2996 2839 est
3009 2779 3247 2854 signum
3267 2783 3355 2840 ta-

1808 2876 2028 2949 bemoe,
2049 2876 2134 2935 sic
2163 2892 2307 2934 crux
2336 2876 2569 2949 signum
2595 2874 2707 2933 fuit
2734 2873 2936 2948 gratiae
2961 2872 3350 2938 conferenda.

1810 2971 2113 3046 Numquid
2128 2970 2491 3029 rexistenon
2516 2969 2728 3027 dicitur
2753 2983 3047 3042 exponere
3071 2967 3355 3027 militibus

1813 3066 2177 3137 thesaurum,
2199 3063 2305 3139 qui
2330 3064 2393 3121 in
2420 3062 2622 3121 multis
2636 3061 2783 3119 locis
2802 3060 3065 3136 perforat
3083 3060 3355 3120 dolium?

1810 3163 1986 3232 Ergo,
2001 3174 2038 3216 a
2055 3157 2253 3229 simili,
2270 3172 2393 3215 non
2407 3156 2533 3214 vult
2547 3155 2804 3215 Christus
2822 3171 2945 3213 euoe
2959 3154 3138 3214 nobis
3157 3154 3357 3228 gratim

1814 3252 1956 3310 dare
1986 3251 2238 3324 donum,
2265 3266 2447 3326 quem
2474 3250 2540 3308 in
2563 3264 2738 3308 cruce
2774 3247 2943 3308 vides
2978 3251 3065 3308 tot
3101 3248 3357 3308 vulneri-

1809 3344 1927 3403 bus
1950 3344 2356 3420 perforatum?
2378 3342 2711 3403 Beruardus
2735 3340 2790 3400 ⁷:
2820 3361 2851 3397 ι
2878 3342 3105 3402 Clamat
3129 3342 3352 3415 olavus,

1812 3438 2029 3497 clamat
2051 3438 2287 3510 vulnus,
2321 3436 2492 3513 quod
2518 3434 2937 3495 misericordiae
2972 3435 3205 3495 Domini
3230 3450 3358 3495 non

1812 3536 1899 3592 est
1921 3548 2204 3590 numerus
2223 3532 2316 3607 (b).
2331 3532 2354 3568 ⁸
2370 3531 2686 3603 Foderunt,
2702 3549 2732 3585 n
2754 3528 2967 3606 inquit,
2990 3548 3020 3584 α
3041 3529 3096 3589 ei
3122 3545 3356 3600 manus,

1810 3627 2018 3701 pedes,
2039 3628 2096 3685 et
2112 3627 2286 3698 latus,
2305 3640 2414 3700 per
2439 3640 2590 3699 quas
2611 3623 2794 3683 rimas
2819 3622 2956 3681 licet
2981 3623 3127 3683 mihi
3147 3639 3356 3698 sugere

1810 3720 1930 3784 mel
1969 3720 2047 3778 de
2082 3724 2281 3794 petra,
2321 3719 2641 3793 oleumque
2670 3716 2746 3777 de
2775 3732 2923 3776 saxo
2953 3716 3292 3775 durissimo.
3321 3737 3351 3773 n

1810 3817 1879 3872 Et
1921 3817 2164 3888 propter
2205 3812 2331 3871 haec
2378 3812 2580 3871 omnia
2620 3810 2764 3870 dicit
2789 3811 2857 3868 ⁰:
2897 3827 2925 3863 α
2961 3809 3071 3880 Qui
3108 3810 3355 3886 proprio

1811 3906 1938 3965 filio
1961 3921 2085 3964 non
2111 3906 2406 3981 pepercit,
2436 3904 2543 3964 sed
2570 3919 2681 3981 pro
2720 3902 2895 3963 nobis
2928 3903 3209 3963 omnibus
3243 3906 3358 3962 tra-

1813 4000 1966 4060 didit
1989 3999 2197 4073 illum,
2230 3998 2539 4075 quomodo
2571 4013 2693 4056 non
2723 3997 2901 4056 etiam
2927 4011 3066 4054 cum
3098 3995 3204 4055 illo
3232 4011 3358 4054 om-

1810 4094 1909 4153 nia
1958 4092 2136 4152 nobis
2185 4092 2481 4152 donavit?
2527 4112 2557 4149 »
2602 4096 2752 4165 Ergo
2798 4092 2951 4150 Crux
2990 4092 3077 4149 est
3114 4088 3352 4164 signum

1809 4187 2010 4262 gratioe
2037 4187 2399 4246 collativam.

1880 4281 2070 4340 Tertio
2112 4282 2265 4339 Crux
2301 4281 2389 4337 est
2424 4278 2661 4353 signum
2695 4278 3127 4354 pugnantibus,
3159 4277 3356 4353 impo-

1811 4375 2003 4435 tentioe
2027 4373 2392 4433 firmativum
2406 4415 2425 4444 ,
2457 4371 2908 4431 consortativum
2925 4414 2945 4442 ‚
2973 4375 3032 4431 et
3066 4370 3357 4431 roborati-

1810 4485 1975 4528 vum.
2004 4469 2097 4528 Sic
2124 4469 2285 4527 enim
2316 4466 2789 4533 Constantinum,
2819 4469 2879 4524 et
2903 4469 3094 4525 totum
3135 4465 3359 4524 exerci-

1813 4566 1940 4623 tum
1965 4579 2142 4621 suum
2162 4561 2492 4633 roboravit,
2520 4559 2690 4635 quod
2713 4558 2961 4635 plenum
2987 4559 3357 4635 triumphum

1813 4672 1938 4717 non
1963 4656 2160 4715 solum
2198 4654 2275 4714 de
2316 4655 2634 4725 Maxentio,
2661 4652 2769 4711 sed
2800 4652 2879 4711 de
2918 4652 3140 4712 cunctis
3176 4651 3359 4712 bosti-

1814 4752 1930 4810 bus
1949 4748 2303 4825 reportavit,
2330 4764 2441 4807 nec
2464 4747 2621 4805 ullus
2648 4746 2710 4804 in
2750 4748 2874 4805 toto
2910 4750 3177 4820 tempore
3208 4762 3356 4820 suo,

1814 4847 1950 4919 post
1973 4842 2260 4904 vexillum
2280 4841 2470 4900 crucis
2502 4839 2843 4913 dominicae,
2887 4838 3057 4914 quod
3094 4854 3359 4913 assump-

1814 4938 1910 5010 sit,
1939 4938 1995 4995 ei
2021 4952 2289 5013 unquam
2309 4934 2577 4995 resistere
2602 4933 2812 5010 potuit.
2844 4931 3139 4991 Heraclius
3169 4934 3358 5006 Impe-

1813 5035 2005 5101 rator,
2026 5030 2174 5089 dum
2198 5030 2262 5088 in
2283 5029 2400 5087 hoc
2425 5030 2598 5101 signo
2621 5043 2789 5102 spem
2814 5024 3036 5101 potnit,
3060 5027 3291 5083 tantum
3319 5040 3359 5082 a

1816 5128 1934 5183 Deo
1959 5122 2149 5182 robur
2164 5120 2409 5198 accepit,
2430 5120 2600 5197 quod
2613 5120 2805 5178 filium
2823 5120 3057 5177 cosroae
3076 5117 3139 5175 in
3155 5118 3359 5191 singu-

1881 5274 1946 5335 (a)
1987 5271 2112 5321 Goet.
2146 5267 2270 5321 edit.
2312 5267 2520 5320 natione
2557 5269 2611 5318 et
2652 5264 3048 5332 congregatione
3096 5264 3357 5330 profundi.

1815 5369 1878 5382 -
1915 5342 1978 5405 (b)
2015 5339 2339 5406 ApudBer-n.
2376 5337 2754 5392 vereDeussit
2786 5337 2839 5389 ln
2876 5336 3359 5391 Christomnudum

1819 5414 2155 5469 reconcilians
2179 5412 2294 5465 sibi.
