4059 6317
742 551 1124 623 hommes
1165 552 1220 620 11
1263 552 1462 621 POST
1499 552 1879 623 OCTAVAM
1918 551 2272 623 PASCBAE.
2316 555 2579 624 SERMO
2621 556 2723 624 lv.

168 695 524 783 inproximo
550 695 690 761 erat
718 694 1090 775 recepturus
1110 707 1226 772 pro
1251 688 1686 772 redemptione

167 805 411 873 bamam
437 800 730 885 generis,
753 816 901 865 cum
919 797 1135 863 addit:
1172 821 1204 859 ι
1225 796 1397 867 Vado
1424 797 1504 862 ad
1531 815 1685 863 eum

163 915 262 1001 qui
287 913 458 979 misit
484 929 615 977 me.
642 932 674 970 ι
709 908 835 977 Sed
867 908 1020 991 quia
1046 908 1124 973 de
1152 910 1357 971 morte
1383 907 1526 990 eJus
1552 906 1680 972 dis-

162 1020 336 1106 cipuli
364 1019 780 1086 vehementer
804 1015 1274 1094 desolabantur,
1301 1013 1446 1080 ideo
1468 1014 1688 1097 sequi-

164 1133 256 1195 tur
281 1146 301 1193 z
323 1149 354 1189 ι
380 1126 506 1191 Sed
528 1123 686 1209 quia
709 1124 851 1188 baec
879 1122 1126 1189 locutus
1152 1140 1299 1187 sum
1329 1120 1512 1188 vobis
1530 1168 1549 1201 ,
1567 1119 1688 1204 tri·

163 1238 314 1303 stitia
350 1235 645 1321 implevit
682 1252 792 1298 cor
833 1236 1145 1297 vestrum.
1178 1253 1210 1291 s
1243 1230 1312 1297 Si
1354 1248 1516 1313 ergo
1552 1229 1692 1296 sola

164 1326 521 1429 imaginatio
567 1342 648 1409 de
695 1340 1050 1423 privatione
1093 1338 1325 1405 Christi
1371 1338 1687 1405 societatis

163 1458 396 1520 tantum
420 1452 707 1518 dolorem
733 1450 989 1528 inflixit,
1018 1451 1095 1514 ut
1119 1447 1374 1513 tristitia
1396 1446 1690 1531 impleret

164 1580 259 1627 cor
295 1579 514 1627 eorum
531 1606 555 1639 ,
593 1561 852 1642 propter
876 1556 999 1623 hoc
1038 1573 1156 1639 pro
1198 1558 1371 1623 certo
1407 1554 1685 1619 multum

164 1669 396 1735 additur
429 1664 827 1750 experientia
863 1663 1032 1730 facti.
1069 1661 1248 1729 Unde
1279 1662 1357 1728 de
1401 1662 1492 1727 eis
1532 1680 1688 1727 can-

169 1777 359 1841 tatur¹
389 1797 406 1840 t

483 1897 677 1951 Tristes
710 1898 860 1948 erant
891 1893 1152 1961 Apostoli,

482 1971 560 2022 De
593 1981 723 2021 nece
755 1967 836 2019 sui
869 1965 1093 2018 Domini.

237 2096 436 2163 Tertio
475 2097 738 2163 notatur
778 2095 996 2159 futura
1041 2091 1386 2157 consolatio
1429 2092 1691 2156 aeternae

162 2203 583 2286 jncunditatis,
613 2219 764 2267 cum
792 2200 1225 2267 subinfertur:
1259 2196 1386 2265 Sed
1412 2199 1693 2266 tristitia

170 2319 364 2379 vestra
386 2315 669 2379 certetur
693 2311 769 2376 in
799 2306 1137 2391 qaudium.
1170 2304 1510 2389 Triplicem
1536 2322 1692 2370 con-

174 2416 519 2483 solationem
538 2416 676 2481 sive
693 2414 1006 2497 gaudium
1018 2413 1386 2477 hahuerunt
1396 2412 1692 2497 apostoli,

172 2525 501 2591 secundum
555 2522 924 2607 praedictam
980 2520 1295 2604 triplicem
1343 2519 1687 2585 tristitiam.

172 2629 313 2696 Nam
336 2632 562 2714 primo,
611 2630 864 2694 tristitia
888 2628 1264 2711 lacrymosae
1294 2627 1693 2692 contritionis

176 2736 241 2802 de
295 2738 565 2822 propriae
619 2733 1145 2817 transgressionis
1205 2733 1646 2799 recordatione
1663 2781 1687 2814 ,

174 2847 419 2911 vertitur
468 2846 542 2909 in
604 2843 922 2925 gaudium
971 2842 1242 2907 internae
1295 2840 1647 2905 dilectionis
1668 2889 1688 2918 ‚

175 2956 406 3034 propter
433 2950 799 3017 evasionem
819 2950 1044 3014 mortis
1067 2951 1364 3029 aeternae3
1385 2949 1688 3029 secunde,

174 3058 400 3123 tristitia
423 3057 734 3123 dolorosae
762 3055 1219 3139 compassionis
1247 3055 1326 3120 de
1356 3054 1692 3121 dominicae

174 3166 456 3247 passionis
481 3164 894 3237 meditatione
908 3211 927 3244 ‚
961 3167 1248 3228 vertetur
1272 3162 1342 3227 in
1374 3164 1691 3245 gaudium

176 3278 394 3339 mutuae
418 3271 993 3355 congratulationis
1028 3274 1285 3354 propter
1326 3270 1692 3335 cohaereda-

174 3380 385 3461 tionem
423 3380 696 3446 coelestis
737 3378 993 3463 patriae3
1038 3380 1247 3454 tertio,
1294 3377 1553 3442 tristitia
1592 3379 1690 3441 at*-

176 3487 338 3555 flictae
362 3487 769 3557 desolationis
793 3486 871 3551 de
898 3485 1243 3568 corporalis
1264 3485 1492 3550 Christi
1523 3503 1692 3568 prae-

174 3596 367 3663 semiae
390 3598 476 3681 (a)
513 3595 861 3662 amissione
874 3642 899 3675 ,
938 3596 1229 3659 vertetur
1270 3593 1344 3658 in
1375 3594 1691 3675 gaudium

175 3702 384 3770 latitiae
426 3710 484 3770 et
531 3703 983 3771 consolationis
1002 3748 1026 3782 ,
1072 3706 1332 3785 propter
1374 3703 1690 3769 visionem

171 3813 548 3895 resurgentis
607 3811 959 3896 sapientise.
1030 3809 1247 3876 Primo
1314 3812 1692 3894 lacrymosae

170 3921 540 3986 contritionis
569 3918 827 3984 tristitia
854 3918 931 3983 de
971 3917 1210 4009 peccati
1257 3918 1693 3983 recordatione

169 4043 333 4093 versa
357 4034 450 4094 est
475 4029 544 4092 in
566 4027 879 4109 gaudium
906 4024 1146 4091 laetitiae
1173 4028 1237 4090 et
1256 4024 1689 4105 exultationis,

168 4140 405 4218 propter
431 4134 802 4201 evasionem
842 4132 1067 4197 mortis
1091 4136 1350 4198 aeternoe
1373 4153 1391 4211 ;
1418 4132 1590 4197 unde
1613 4136 1637 4171 ²
1670 4154 1685 4196 ε

175 4265 202 4303 ι
224 4242 529 4311 Gaudium
556 4247 621 4309 et
646 4243 933 4309 laetitiam
959 4242 1360 4322 obtinebunt,
1399 4245 1464 4306 et
1486 4242 1694 4324 fugiet

166 4349 328 4417 dolor
361 4356 423 4417 et
463 4352 771 4434 gemstm,
799 4350 954 4433 quia
975 4366 1106 4432 ego
1142 4349 1277 4432 ipse
1320 4349 1693 4415 consolabor

168 4474 290 4521 vos.
343 4480 374 4519 n
439 4457 777 4527 Gaudium
829 4462 890 4525 et
945 4455 1246 4523 lentitiam
1298 4454 1692 4520 dulcorantis

169 4564 374 4643 gratiae
402 4564 792 4642 obtinebunt,
823 4563 936 4646 qui
964 4561 1333 4628 habuerunt
1371 4561 1694 4627 tristitiam

167 4672 536 4737 contritionis
563 4672 642 4737 de
666 4688 803 4736 suae
829 4669 1184 4754 iniquitatis
1209 4669 1655 4735 commissione
1668 4692 1688 4749 ;

170 4775 414 4859 insuper
438 4780 645 4863 suffici
670 4776 851 4845 dolor
875 4782 933 4844 et
958 4778 1238 4861 qemitus
1266 4777 1489 4843 mortis
1512 4782 1694 4843 aeter-

170 4899 284 4961 nae,
309 4886 457 4969 quia
491 4887 632 4968 ipse
660 4900 768 4969 eqo
810 4885 1122 4950 Dominus
1161 4883 1528 4952 consolabor
1554 4899 1688 4965 vos,

170 4993 525 5059 remittendo
553 4993 772 5059 omnia
798 4996 1072 5075 peccata.
1101 4990 1183 5056 Et
1202 4990 1281 5055 de
1305 4991 1430 5055 hoc
1456 4991 1688 5056 simili-

167 5100 254 5162 ter
280 5100 499 5167 dicitur
523 5100 594 5165 in
622 5098 875 5165 Psalmo
902 5104 925 5140 ⁸
956 5120 974 5162 ε
1012 5122 1044 5160 α
1072 5097 1453 5164 convertisti
1484 5098 1692 5181 planc-

166 5206 292 5271 tum
335 5225 553 5274 meum
600 5207 671 5272 in
718 5206 1029 5289 gaudium
1078 5204 1240 5271 mihi
1254 5252 1276 5286 ,
1332 5207 1693 5273 conscidisti

220 5405 238 5439 ¹
263 5407 443 5471 flymn.
470 5410 631 5469 temp.
662 5404 858 5468 pasch„
880 5404 948 5456 ad
966 5405 1121 5469 vesp.
1144 5404 1388 5471 Aposte-
1415 5404 1435 5435 ²
1461 5407 1583 5467 Ita„
1604 5419 1695 5468 xv,

167 5477 297 5531 1⁰-
320 5479 343 5515 ⁸
369 5477 506 5530 Paul.
532 5488 682 5540 xxix,
709 5479 938 5528 11-12.—
963 5477 983 5509 ⁴
1010 5478 1026 5527 l
1051 5477 1208 5539 Pela,
1237 5488 1310 5541 lv,
1337 5479 1482 5527 13,—
1509 5478 1528 5510 ⁵
1554 5479 1693 5533 Psal.

166 5561 255 5613 xx,
292 5551 340 5600 7.
369 5575 431 5589 —
474 5552 495 5581 ⁰
530 5549 702 5615 «leam,
742 5559 859 5612 xvi,
901 5551 979 5600 22.
1016 5575 1079 5589 --
1121 5550 1139 5580 ’
1173 5550 1298 5613 Iso„
1334 5560 1485 5615 val,
1518 5552 1600 5603 ts.
1632 5578 1694 5592 —

3215 566 3325 629 25¹

1795 706 2051 755 saccum
2076 708 2297 757 meum
2314 740 2332 773 ,
2371 696 2437 758 et
2460 692 2948 773 circumdedisti,
2995 716 3031 757 n
3063 699 3184 761 etc.
3213 696 3337 763 Se-

1796 798 2006 863 cundo
2031 798 2393 887 habuerunt
2435 801 2758 865 tristitiam
2803 802 3111 869 dolorosas
3154 823 3333 870 com-

1797 904 2106 987 passionis
2126 906 2207 971 de
2233 911 2437 971 morte
2463 907 2713 987 Christi,
2748 926 2899 991 quie
2926 928 3114 977 versa
3141 915 3238 975 est
3265 911 3336 977 in

1798 1013 2113 1093 gauliium
2164 1017 2414 1079 mutuae
2467 1015 3033 1096 congratulationis
3080 1022 3337 1101 propter

1798 1119 2069 1183 coelestis
2094 1119 2320 1201 gloriae
2344 1122 2913 1205 participationem.
2944 1123 3338 1191 Conveniens

1798 1225 1970 1289 enim
1999 1228 2116 1303 est,
2144 1227 2355 1310 utqui
2383 1227 2719 1293 condolent
2745 1229 2990 1295 Christo
3016 1250 3131 1315 per
3158 1214 3333 1299 comss

1798 1333 2178 1415 passionem,
2209 1336 2655 1418 congaudeant
2679 1356 2828 1402 cum
2865 1357 2942 1404 eo
2971 1358 3084 1422 per
3110 1341 3336 1423 gloriae

1796 1440 2339 1526 participationem
2363 1491 2381 1521 ,
2422 1447 2497 1508 ut
2542 1444 2654 1527 qui
2707 1450 2859 1510 sunt
2902 1446 3054 1512 socii
3098 1449 3338 1530 passio-

1796 1567 1978 1629 num,
2000 1550 2130 1614 sint
2143 1550 2432 1616 similiter
2453 1556 2516 1616 et
2538 1553 3064 1620 consolationum.
3082 1554 3332 1622 Unde⁴2

1800 1678 1832 1719 α
1883 1656 2434 1724 Communicantes
2474 1659 2698 1725 Christi
2733 1662 3132 1744 passionibus
3171 1683 3335 1746 gau·

1798 1763 1962 1844 dete,
1988 1769 2061 1830 ut
2086 1765 2154 1830 in
2178 1768 2561 1834 revelatione
2589 1769 2819 1852 gloriae
2841 1774 2983 1854 ejus
3003 1772 3338 1853 gaudeatis

1800 1871 2183 1938 exultantes.
2218 1896 2249 1934 ι»
2297 1874 2538 1955 Tertio,
2580 1877 2839 1942 tristitia
2868 1878 3119 1943 afflictae
3151 1879 3335 1945 deso-

1797 1977 2059 2044 lationis
2076 1980 2155 2046 de
2173 1981 2511 2048 amissione
2530 1982 2763 2049 Christi
2785 2003 2971 2051 versa
2982 1986 3162 2050 estin
3183 2006 3340 2069 gau-

1798 2085 1979 2152 dium
2004 2085 2297 2153 laetititiae
2340 2094 2406 2155 et
2433 2090 2907 2172 consolationis,
2946 2098 3207 2177 propter
3248 2096 3341 2161 vi·

1799 2193 2047 2257 sionem
2069 2199 2465 2278 resurgentis
2489 2198 2849 2282 sapientiae3
2878 2200 3051 2266 unde
3077 2203 3149 2265 in
3172 2200 3342 2267 Psal·
3456 2190 3464 2199 ’

1800 2320 1909 2367 mo
1937 2301 1958 2337 ⁸
1986 2319 2005 2367 z
2031 2325 2063 2365 c
2085 2301 2463 2368 Laetificabis
2487 2323 2593 2370 me
2618 2306 2687 2370 in
2717 2308 2957 2390 gaudio
2982 2327 3131 2374 cum
3154 2310 3343 2377 vultu

1798 2415 1915 2475 tuo
1945 2431 1963 2474 z
1992 2433 2024 2472 ι»
2055 2412 2227 2493 quod
2254 2411 2375 2477 fuit
2393 2413 2844 2496 adimpletum,
2874 2416 3132 2500 quando
3160 2417 3340 2483 Chri-

1800 2523 1974 2583 stum
1996 2520 2424 2585 resurrexisse
2449 2520 2716 2602 apostoli
2735 2521 2881 2587 visu
2905 2529 3175 2590 cernunt
3199 2544 3342 2591 cor-

1801 2644 2017 2709 poree.
2048 2626 2137 2691 De
2165 2628 2372 2710 primo
2411 2628 2668 2709 gaudio·
2688 2628 2978 2694 similiter
3003 2631 3235 2698 dicitur
3262 2634 3285 2670 ⁸
3321 2655 3337 2699 ε

1810 2735 2125 2803 videbitis
2164 2743 2228 2804 et
2268 2734 2573 2820 qaudebit
2618 2750 2726 2802 cor
2765 2744 3049 2805 vestrum
3071 2787 3088 2820 ‚
3146 2744 3210 2805 et
3251 2758 3344 2806 se-

1801 2844 2020 2927 quitur
2034 2849 2057 2884 '¹
2078 2842 2457 2927 :uVidebunt
2478 2843 2755 2926 gloriam
2773 2863 3006 2926 meam,
3032 2851 3096 2911 et
3111 2865 3343 2931 ponam

1800 2952 1868 3015 in
1896 2951 1987 3015 eis
2014 2951 2313 3033 signum,
2346 2957 2411 3018 et
2436 2953 2687 3017 mittam
2713 2971 2796 3018 ex
2821 2954 2950 3033 eis,
2980 2955 3091 3039 qui
3119 2956 3344 3021 salvati

1800 3060 2040 3125 fuerint
2067 3061 2149 3143 (b)
2176 3060 2257 3126 ad
2286 3066 2512 3142 gentes
2542 3061 2612 3124 in
2639 3078 2846 3140 mare,
2873 3061 2944 3126 in
2981 3062 3257 3127 Africam
3281 3069 3345 3129 et

1800 3165 2073 3250 Lybiam
2101 3166 2432 3232 tendentes
2444 3168 2526 3252 (c)
2553 3168 2883 3249 sagittam,
2897 3168 2969 3233 in
2990 3168 3262 3250 Italiam,
3280 3174 3345 3235 et

1802 3274 2113 3341 Graeciam
2131 3323 2148 3356 ‚
2179 3279 2245 3340 et
2269 3274 2512 3339 insulas
2531 3273 2762 3358 longe,
2793 3275 2874 3340 ad
2905 3293 3043 3356 eos,
3072 3277 3186 3359 qui
3210 3295 3343 3344 non

1800 3382 2144 3448 audierunt
2167 3384 2246 3448 de
2274 3401 2407 3462 me,
2447 3386 2512 3446 et
2542 3399 2673 3447 non
2705 3383 2997 3449 viderunt
3033 3385 3305 3466 gloriam
3321 3433 3340 3463 ‚

1800 3494 1864 3554 et
1888 3490 2374 3555 annunciabunt
2406 3489 2682 3571 gloriam
2715 3507 2949 3555 meam.
2982 3514 3012 3551 »
3060 3492 3344 3575 Apostoli

1800 3614 2084 3681 namque
2114 3600 2449 3681 postquam
2484 3596 2782 3662 viderunt
2811 3598 3085 3679 gloriam
3115 3600 3344 3666 Christi

1801 3704 2219 3785 resurgentis,
2250 3708 2315 3768 et
2339 3706 2677 3786 postquam
2705 3704 2965 3769 fuerunt
2988 3705 3227 3789 signati
3256 3707 3342 3771 si-

1802 3811 2081 3892 gnaculo
2111 3810 2465 3888 Trinitatis,
2487 3816 2764 3879 tenentes
2785 3814 3094 3895 saqittam
3118 3815 3346 3896 praedi-

1800 3920 2098 3996 cationiS‚
2128 3920 2310 3983 missi
2343 3920 2603 3983 fuerunt
2639 3923 2945 4003 tanquam
2979 3921 3117 3985 veri
3157 3925 3347 3989 testes

1801 4044 1915 4109 per
1954 4028 2328 4092 univertum
2372 4026 2727 4107 mundum,
2767 4031 2841 4092 ut
2883 4029 3345 4095 annunciarent

1804 4135 2082 4217 gloriam
2104 4133 2236 4214 Dei,
2260 4153 2456 4217 quam
2474 4134 2613 4199 suis
2628 4134 2827 4199 oculis
2849 4141 3334 4218 conspexerunt.

1802 4245 2160 4328 Rogemus,
2185 4249 2306 4310 ete.

2315 4422 2606 4497 SERMO
2648 4424 2743 4496 IV
2777 4423 2827 4492 ⁸.

1886 4569 2189 4637 Tristitia
2231 4575 2446 4637 vestra
2488 4576 2771 4638 vertetur
2813 4569 2890 4635 in
2933 4567 3248 4651 <laudium
3292 4572 3338 4632 ⁹.

1799 4676 2036 4760 Magna
2061 4677 2402 4743 consolatio
2423 4682 2518 4743 est
2533 4678 2675 4741 ista.
2703 4675 3109 4742 Considerate
3127 4680 3343 4742 autem

1801 4786 1907 4851 hic
1972 4803 2320 4869 possumus
2371 4783 2848 4868 quadruplicem
2909 4783 3265 4849 versionem
3320 4806 3336 4849 ε
3369 4787 3587 4907 33κῆῗέ

1800 4894 2076 4962 vertitur
2117 4894 2292 4959 enim
2340 4891 2723 4977 quandoque
2768 4891 3022 4956 tristitia
3074 4892 3144 4955 in
3189 4890 3344 4956 laeti-
3369 4914 3454 4962 210.

1799 5003 1978 5083 tiam,
2025 5002 2249 5067 laetitia
2282 5001 2352 5065 in
2396 5002 2743 5078 tristitiam,
2774 4999 3034 5109 tristitia
3063 4999 3131 5062 in
3156 4998 3345 5065 tristi-

1800 5109 1977 5190 tiam,
2008 5109 2234 5175 laetitia
2261 5111 2329 5174 in
2352 5109 2661 5176 laetitiam.

1881 5216 1969 5283 De
2016 5218 2229 5301 primo
2281 5218 2513 5283 dicitur
2555 5216 2662 5281 hic
2707 5233 2727 5281 ι
2784 5214 3086 5284 Tristitia
3129 5218 3345 5281 vestra

1802 5391 1823 5421 ⁸
1840 5388 1989 5511 flur-ilc
2010 5390 2063 5440 et
2082 5350 2213 5440 duos
2230 5401 2339 5512 εξὲ,
2358 5386 2513 5439 habet
2529 5399 2734 5453 quoque
2757 5385 2881 5438 edit.
2908 5382 3069 5437 Paris.
3095 5397 3179 5436 an.
3200 5386 3343 5437 1521.

1802 5486 1865 5501 -
1966 5475 2099 5528 orm„
2126 5471 2232 5524 xvi,
2257 5495 2285 5512 ..
2325 5500 2336 5512 .

1865 5560 1934 5627 (α)
1959 5561 2082 5616 coet.
2098 5559 2217 5627 edit.
2240 5558 2633 5627 peanitentia-
2663 5556 2730 5622 (b)
2750 5557 3039 5614 ruerunt-
3065 5556 3123 5622 (c)
3140 5558 3343 5615 tenens.
