4059 6317
907 529 1283 598 DOMINICA
1323 529 1409 598 Π
1446 529 1649 598 POST
1689 528 2275 598 PENTECOSTEN.
2319 531 2584 599 SERMO
2626 533 2676 599 1.

3266 536 3400 602 345·

0 677 128 722 nm
190 664 348 744 tem,
376 665 554 749 quod
585 664 990 751 quadruplex
1030 669 1130 732 est
1173 668 1395 748 navis,
1439 665 1736 732 videlicet
1841 684 2031 732 versa
2075 667 2380 750 pericula.
2437 667 2777 736 psalmista
2818 670 2860 710 ¹¹
2907 691 2927 735 ε
2968 693 3003 733 α
3030 668 3164 736 Hoc
3205 683 3388 736 mare

0 741 134 785 unam

189 789 354 840 crux
378 773 816 857 triumphans,
847 792 1029 840 mens
1048 776 1402 856 rationalia,
1424 776 1736 860 poeniten·

189 879 281 944 tia
305 880 623 962 salutaris,
654 880 929 946 Ecclesia
958 883 1365 950 universalis.

270 986 361 1053 De
383 988 596 1071 prima
621 991 641 1025 ¹
676 1012 693 1053 z
736 1011 766 1050 α
803 989 1195 1056 Ascendente
1236 1009 1313 1057 eo
1353 991 1423 1057 in
1463 991 1735 1057 navicu·

186 1095 343 1176 lam,
373 1097 574 1162 secuti
599 1102 749 1163 sunt
775 1116 927 1163 eum
952 1096 1249 1181 discipuli
1273 1100 1438 1181 eJus.
1470 1097 1548 1163 Et
1592 1116 1739 1164 ecce

186 1208 411 1268 motus
432 1222 749 1287 magnus,
794 1228 826 1267 n
859 1209 981 1270 etc.
1012 1206 1232 1271 Glossa
1281 1228 1297 1271 ε
1355 1229 1387 1269 σ
1430 1205 1739 1272 Navicula

187 1315 287 1375 est
329 1329 493 1377 crux
541 1312 802 1394 Christi,
849 1316 1035 1397 cujus
1072 1313 1381 1384 beneflcio
1428 1314 1511 1379 ad
1555 1314 1741 1380 littus

187 1418 415 1500 patriae
436 1419 707 1485 eoelestis
733 1421 1054 1485 venimus.
1080 1442 1115 1482 n
1149 1419 1329 1486 Unde
1365 1424 1391 1459 ⁸
1430 1443 1446 1486 ε
1500 1442 1532 1482 c
1576 1420 1737 1486 Exi-

189 1543 327 1606 guo
366 1526 553 1608 ligno
595 1528 865 1593 credunt
908 1529 1203 1593 homines
1247 1528 1498 1593 animas
1541 1546 1693 1593 suas
1714 1575 1733 1607 ,

186 1635 591 1699 trameuntes
642 1653 822 1700 mare
837 1683 859 1716 ,
911 1639 977 1701 et
1038 1653 1156 1719 per
1218 1638 1420 1700 ratem
1487 1635 1738 1700 liberati

184 1742 362 1806 sunt.
398 1762 432 1802 υ
488 1740 768 1808 Isidorus
792 1742 817 1780 ⁸
847 1761 866 1808 t
906 1765 939 1804 α
956 1741 1375 1825 Quocumque
1421 1747 1598 1807 metu
1647 1741 1733 1825 (α)

185 1848 482 1931 procellis
514 1850 743 1914 mundi
769 1850 1157 1930 involveris,
1186 1849 1444 1931 lignum
1472 1849 1739 1914 ascende

184 1955 416 2035 crucis,
446 1959 523 2021 ut
547 1974 587 2020 a
614 1957 798 2037 mari,
830 1957 900 2023 id
924 1961 1053 2036 est,
1101 1959 1476 2039 tempestate
1516 1957 1738 2022 saeculi

183 2062 501 2129 libereris.
528 2086 561 2125 ι
595 2064 671 2130 In
694 2065 816 2130 hae
840 2066 994 2130 navi
1038 2065 1324 2130 Christus
1350 2062 1739 2128 obdormivit

185 2172 547 2238 moriendo.
577 2172 665 2238 De
691 2175 1064 2257 tempestate
1091 2173 1259 2237 circa
1296 2172 1466 2236 hanc
1511 2172 1735 2236 navim

183 2284 351 2359 orta,
381 2282 616 2347 dicitur
638 2282 682 2363 ⁸,
716 2282 889 2365 quod
925 2305 957 2343 α
998 2282 1278 2349 tenebrae
1319 2280 1502 2345 factae
1540 2283 1693 2345 sunt
1707 2328 1733 2361 ,

183 2390 386 2470 petrae
414 2389 626 2454 scissae
651 2393 804 2455 sunt
822 2439 840 2471 ,
870 2392 935 2454 et
960 2388 1181 2454 velum
1220 2388 1443 2471 templi
1462 2436 1482 2467 ,
1528 2408 1560 2448 ο
1611 2391 1732 2453 etc.

183 2495 351 2563 Nota
375 2498 548 2581 quod
572 2499 640 2561 in
667 2500 1046 2581 tempestate
1073 2495 1281 2561 solent
1311 2496 1607 2561 homines
1632 2495 1733 2560 in-

172 2606 574 2689 juriantibus
599 2606 937 2688 ignoscere
956 2654 974 2685 ,
1023 2605 1193 2669 sicut
1231 2608 1295 2677 et
1336 2603 1624 2669 Christus
1658 2606 1730 2670 ⁸:

182 2736 215 2775 α
255 2712 467 2792 Pater,
496 2712 746 2777 dimitte
786 2712 943 2793 illis,
990 2734 1021 2773 ι
1056 2716 1175 2777 etc.
1224 2710 1297 2775 In
1338 2729 1470 2794 quo
1514 2730 1734 2778 exem-

183 2819 368 2903 plum
401 2819 577 2885 dedit
601 2819 786 2884 nobis
812 2818 1189 2900 ignoscendi
1225 2818 1387 2883 aliis.
1437 2817 1599 2883 Item
1625 2837 1737 2884 so·

179 2925 315 2990 lent
344 2926 666 2992 Christum
692 2928 992 2992 invocare
1010 2974 1028 3005 ,
1067 2927 1158 2992 sic
1200 2931 1265 2992 et
1303 2923 1593 2991 Christus
1638 2927 1663 2963 ⁸
1711 2948 1728 2991 ε

189 3054 221 3094 α
246 3032 438 3114 Deus,
471 3033 638 3100 Deus
665 3052 882 3115 meus,
919 3055 951 3095 n
999 3039 1119 3101 etc.
1165 3034 1325 3099 Item
1368 3034 1575 3099 solent
1614 3034 1739 3101 ho-

180 3141 392 3207 mines
414 3159 486 3206 se
511 3159 897 3222 exonerare3
929 3142 1023 3206 sic
1061 3145 1127 3207 et
1155 3141 1444 3208 ChrIstus
1485 3146 1735 3208 vestem

178 3251 243 3313 et
262 3250 682 3331 sanguinem,
703 3253 769 3315 et
784 3249 1093 3315 animam.
1119 3248 1298 3316 Sicut
1314 3251 1490 3315 enim
1512 3250 1730 3332 Jonas,

179 3356 258 3421 de
280 3357 440 3420 navi
482 3356 567 3420 ad
607 3356 881 3421 salutem
925 3356 1205 3422 aliorum
1249 3359 1570 3441 projectus
1586 3406 1606 3437 ,
1661 3359 1735 3423 in

181 3468 478 3531 ventrem
526 3465 649 3529 ceti
692 3465 870 3532 venit
885 3513 906 3546 ,
956 3464 1047 3529 sic
1101 3465 1318 3530 anima
1373 3463 1607 3531 Christi
1655 3466 1735 3530 de

182 3572 337 3638 navi
363 3573 574 3637 crucis
598 3571 669 3637 in
693 3577 989 3638 ventrem
1017 3572 1254 3638 inferni
1284 3572 1627 3637 descendit.

259 3680 350 3746 De
396 3680 675 3761 secundo
720 3685 743 3721 ‘¹
790 3702 807 3744 ι
866 3702 897 3741 τι
940 3679 1082 3744 Dies
1124 3680 1251 3744 mei
1300 3679 1728 3762 transierunt,

181 3787 346 3853 sicut
371 3805 572 3852 naves
596 3805 789 3870 poma
814 3789 1161 3870 portantes.
1196 3810 1227 3847 n
1276 3787 1422 3853 Dies
1446 3793 1510 3853 et
1535 3808 1735 3855 naves

180 3899 332 3960 sunt
360 3899 633 3974 mentes,
663 3894 769 3960 vel
794 3895 1031 3960 animae
1056 3893 1316 3974 fideles3
1351 3914 1547 3978 poma
1585 3901 1736 3963 sunt

180 4003 494 4084 virtutes,
522 4006 588 4067 et
613 4020 808 4085 opera
851 4001 1327 4067 redoleseentia.
1360 4002 1524 4068 Nota
1561 4006 1734 4088 quod

181 4110 595 4177 exonerando,
621 4113 719 4175 est
743 4110 885 4176 haec
910 4109 1095 4175 navis
1133 4110 1215 4176 ab
1257 4110 1435 4175 omni
1477 4117 1734 4194 peccato

178 4221 244 4283 et
267 4219 515 4301 injusta
539 4216 957 4300 possessione,
986 4234 1071 4281 ne
1098 4222 1436 4298 mergatur
1462 4218 1532 4283 in
1560 4218 1735 4284 dam-

177 4327 531 4392 nationem.
561 4324 585 4360 ⁸
621 4347 652 4387 ι
679 4324 980 4408 Sequenti
1001 4324 1125 4405 die,
1148 4327 1395 4407 jactum
1422 4327 1729 4409 feceruut,

179 4437 242 4499 et
283 4433 483 4499 tertia
527 4432 632 4497 dle
679 4431 759 4498 de
808 4431 944 4496 suis
984 4431 1288 4497 manibus
1335 4439 1734 4500 armamenta

178 4542 364 4607 navis
394 4542 825 4625 projecerunt.
867 4560 899 4599 n
935 4539 1345 4619 Augustinus
1367 4539 1391 4576 ⁹
1420 4559 1440 4605 :
1489 4563 1520 4602 ει
1551 4539 1729 4607 Nau·

179 4648 471 4732 fragium
496 4648 711 4730 fugis,
739 4650 805 4711 et
828 4645 1169 4730 plumbum
1210 4648 1613 4731 amplecteris
1630 4651 1662 4714 ’ἶ
1690 4672 1723 4711 ι

182 4752 341 4819 item
367 4752 757 4820 effundenda
783 4755 880 4817 est
904 4769 1073 4834 aqua
1108 4753 1636 4836 concupiscentiae
1663 4754 1733 4820 in

181 4860 597 4941 consessione,
615 4877 762 4942 quae
781 4876 898 4941 per
907 4858 1108 4924 rimas
1118 4876 1425 4925 sensuum
1439 4860 1635 4926 intrat
1647 4865 1694 4904 ¹⁰
1711 4884 1729 4927 ε

183 4989 216 5029 ι
258 4968 535 5033 Effunde
582 4966 749 5032 sicut
795 4984 1030 5050 aquam
1076 4985 1187 5032 cor
1224 4971 1438 5034 tuum.
1484 4991 1515 5030 n
1570 4969 1731 5036 Item

181 5076 473 5158 regmda
514 5077 612 5140 est
653 5092 803 5139 cum
854 5074 1278 5141 sollicitudine
1323 5080 1585 5160 propter
1629 5078 1731 5144 di-

245 5237 264 5271 ¹
290 5235 499 5297 Manli„
525 5244 640 5298 vlu,
666 5235 836 5286 23-24.
860 5260 923 5274 -
951 5235 971 5267 ²
992 5230 1132 5301 Sup'„
1162 5247 1270 5301 xlv,
1299 5239 1350 5291 5.
1384 5263 1439 5274 -
1469 5237 1492 5273 ⁸
1520 5239 1638 5291 leid.
1666 5267 1728 5280 —

184 5306 204 5337 ⁸
252 5307 460 5368 naith..
505 5316 683 5368 xxvn,
726 5307 817 5372 45,
861 5308 1046 5356 513—
1090 5309 1113 5344 ⁸
1156 5309 1294 5370 Luc„
1338 5319 1500 5371 xxm,
1547 5312 1628 5362 34.
1668 5337 1730 5350 —

184 5378 205 5409 ⁸
230 5379 440 5432 Barth..
463 5388 636 5438 xxvu,
663 5380 740 5428 46.
769 5404 833 5417 —
857 5378 882 5415 '¹
905 5376 1021 5440 lob,
1049 5391 1135 5442 11,
1166 5381 1244 5431 26.
1272 5406 1336 5419 —
1355 5379 1381 5414 ⁸
1399 5381 1534 5445 Act„
1561 5394 1729 5450 xxvn,

186 5451 264 5502 18.
288 5475 351 5489 -
377 5451 399 5483 ⁸
427 5453 646 5514 August·
670 5469 730 5487 —
761 5448 807 5486 ¹0
834 5445 1029 5511 riu-en„
1070 5461 1140 5516 11,
1171 5455 1249 5504 ¹9.
1276 5477 1341 5489 -
1366 5452 1405 5488 ²¹
1434 5452 1573 5503 Psal.
1611 5464 1729 5514 cur,

180 5520 264 5576 25.
298 5549 362 5562 —
393 5523 435 5560 ¹²
469 5521 711 5580 Ambros.
737 5546 799 5561 -
834 5520 881 5558 ¹⁸
904 5523 1027 5588 lca„
1052 5534 1151 5589 n,
1179 5527 1227 5576 9.
1255 5552 1318 5569 -·-
1345 5523 1389 5563 ¹⁸
1413 5523 1561 5592 thid„
1592 5527 1641 5579 4.
1667 5550 1729 5567 -·

1842 792 2195 857 magnum,
2223 798 2256 837 n
2291 782 2410 842 ete.
2457 794 2711 860 usque:
2768 801 2800 840 α
2842 777 2975 844 Illic
2999 795 3199 844 naves
3240 794 3384 859 per-

1841 882 2230 948 transibunt.
2260 905 2292 943 n
2330 884 2708 952 Ambrosius
2738 888 2785 924 ¹⁸
2831 908 2849 951 z
2889 909 2921 950 ι
2961 885 3158 954 Valde
3198 884 3386 954 uobis

1842 989 2417 1071 pertimescendum
2460 997 2560 1057 est
2580 1039 2597 1068 ,
2643 1012 2728 1058 ne
2777 1013 3011 1060 navem
3060 995 3345 1062 nostram
3362 1037 3381 1070 ‚

1842 1099 1956 1160 aut
1977 1098 2253 1179 procella
2279 1101 2673 1181 tempestatis
2697 1100 3005 1184 abripiat,
3033 1105 3146 1168 eut
3171 1098 3385 1166 flucti-

1840 1202 1962 1267 bus
1985 1204 2342 1285 absorbeat,
2371 1209 2484 1270 aut
2510 1205 2577 1270 in
2605 1209 2912 1273 aeternam
2957 1207 3242 1291 praedem
3283 1207 3384 1291 pi-

1842 1311 1981 1374 rata
2006 1310 2280 1375 crudelis
2306 1311 2597 1378 abducat.
2627 1336 2659 1374 υ

1922 1416 2010 1483 De
2028 1419 2217 1485 tertio
2238 1420 2311 1484 ¹⁸:
2325 1443 2354 1481 α
2367 1419 2466 1486 Me
2483 1423 2819 1504 expectant
2837 1421 3090 1501 insulae,
3107 1425 3172 1486 et
3186 1439 3388 1486 naves

1845 1525 2043 1588 maris
2080 1527 2148 1589 in
2175 1527 2486 1609 principio
2506 1574 2522 1603 ,
2566 1531 2643 1593 ut
2682 1528 2997 1594 abducam
3043 1528 3209 1598 filios
3244 1532 3386 1593 tuos

1841 1630 1922 1696 de
1946 1631 2168 1713 longe.
2201 1654 2232 1692 n
2269 1631 2635 1699 Peccatores
2673 1638 2826 1702 sunt
2870 1634 3065 1717 longe
3109 1634 3384 1716 elonga-

1841 1738 2013 1806 tione
2037 1738 2265 1822 culpae,
2301 1745 2636 1807 morantur
2663 1742 2733 1807 in
2759 1742 2986 1808 insulis
3011 1742 3186 1810 falsae
3211 1760 3384 1810 secu-

1840 1846 2067 1926 ritatis,
2097 1846 2506 1914 adducuntur
2549 1868 2663 1932 per
2707 1868 2904 1916 naves
2946 1850 3338 1933 poenitentiae
3357 1899 3377 1932 ,

1842 1956 1916 2019 ut
1942 1954 2105 2018 flant
2123 1955 2243 2020 filii
2274 1954 2568 2022 Ecclesiae
2599 1958 2643 1998 ¹⁸
2675 1979 2738 2021 z«
2761 1957 2906 2022 Filii
2931 1958 3026 2026 tui
3067 1959 3146 2024 de
3187 1957 3385 2039 longe

1841 2063 2120 2129 venient.
2150 2086 2182 2124 ι»
2215 2063 2379 2130 Nota
2402 2066 2576 2148 quod
2604 2066 2770 2131 sicut
2805 2066 3000 2132 homo
3028 2066 3141 2150 qui
3184 2067 3382 2132 relin-

1841 2165 1983 2247 quit
2010 2184 2267 2248 navem,
2294 2168 2384 2232 sic
2410 2169 2525 2250 qui
2567 2169 2871 2252 relinquit
2903 2170 3386 2252 poenitentiam,-

1840 2272 2314 2364 submergitur,
2354 2274 2485 2340 imo
2531 2293 2680 2340 cum
2717 2275 2879 2341 Jona
2932 2296 2973 2342 a
3030 2279 3201 2361 pisce
3246 2277 3383 2342 dia-

1843 2379 1988 2444 bolo
2012 2380 2390 2463 deglutitur.
2423 2381 2659 2449 Teneat
2686 2402 2847 2467 ergo
2872 2403 2942 2450 se
2970 2385 3040 2449 in
3069 2385 3382 2468 poeniten-

1841 2488 1952 2569 tia,
1977 2489 2250 2572 quinon
2282 2492 2419 2556 vult
2442 2493 2782 2574 submergi
2809 2493 2878 2557 in
2917 2492 3199 2575 culpam.
3238 2492 3388 2560 Hie-

1841 2614 2155 2680 ronymus
2182 2599 2224 2639 ¹⁸
2257 2617 2317 2662 :n
2348 2598 2732 2665 Poenitentia
2757 2605 2854 2665 est
2873 2601 3155 2667 secunda
3173 2600 3390 2668 tamna

1842 2708 1982 2786 post
2006 2704 2447 2788 naufragium.
2484 2729 2517 2768 ι
2547 2707 2705 2774 Item
2733 2708 2898 2774 sicut
2925 2713 3139 2774 motus
3163 2709 3386 2786 navis,

1842 2814 1934 2878 sic
1963 2826 2177 2882 motus
2201 2818 2595 2901 poenitentiae
2623 2820 2940 2886 vomitum
2979 2822 3282 2902 provocat
3318 2817 3389 2882 in

1843 2923 2237 2990 confessione
2264 2927 2309 2992 ¹⁸.
2339 2948 2355 2989 ε
2395 2949 2427 2988 ιι
2456 2925 2685 3007 Vome,
2714 2930 2779 2992 et
2798 2925 3207 3007 refrigerabit
3232 2928 3317 2991 te.
3346 2948 3379 2987 ι

1842 3027 2002 3095 Item
2029 3031 2196 3118 sicut
2224 3033 2295 3097 in
2320 3032 2549 3098 ultimo
2578 3033 2862 3116 periculo
2887 3033 3097 3114 navis,
3129 3032 3388 3116 quando

1827 3141 1975 3222 ’jam
2020 3159 2192 3224 aqua
2217 3142 2418 3207 intrat
2458 3142 2530 3208 in
2573 3162 2848 3224 navem,
2896 3145 2987 3208 ita
3027 3145 3389 3210 constanter

1842 3248 2223 3330 poenitentes
2289 3249 2573 3315 clamare
2633 3250 2864 3317 debent
2922 3250 2993 3315 in
3054 3252 3339 3317 oratione
3362 3272 3382 3330 3

1842 3351 2135 3422 Psalmus
2159 3357 2204 3429 ⁸⁷
2236 3375 2307 3423 :n
2342 3355 2609 3424 Salvum
2641 3376 2744 3423 me
2771 3358 2890 3436 fac,
2921 3378 2955 3418 n
2983 3362 3102 3423 etc.

1923 3462 2011 3528 De
2040 3468 2274 3547 quarto
2301 3466 2348 3503 ¹⁸
2376 3487 2391 3530 z
2433 3487 2466 3526 α
2491 3463 2684 3530 Facta
2708 3468 2807 3530 est
2830 3465 3014 3548 quasi
3042 3465 3225 3530 navis
3251 3466 3386 3534 ins-

1843 3570 2074 3652 titoris,
2102 3594 2137 3634 n
2171 3577 2293 3638 etc.
2329 3572 2405 3637 In
2431 3573 2553 3639 hac
2580 3572 2870 3639 Christus
2893 3574 3202 3642 adoratur
3219 3622 3237 3654 ‚
3262 3582 3382 3641 etc.

1845 3679 1892 3714 ¹⁹
1926 3703 1959 3742 α
1991 3679 2113 3756 Qui
2140 3685 2360 3745 autem
2393 3680 2463 3745 in
2492 3680 2790 3747 navicula
2816 3685 3001 3750 erant
3019 3729 3038 3762 ,
3066 3686 3392 3750 venerunt*

1842 3791 1906 3851 et
1930 3786 2402 3868 adoraverunt,
2431 3810 2463 3848 υ
2511 3791 2632 3853 etc.
2682 3788 2769 3854 De
2812 3789 2932 3854 hac
2974 3789 3043 3854 in
3086 3791 3386 3872 praesenti

1841 3894 2181 3976 evangelio
2207 3895 2437 3960 dicitur
2455 3897 2505 3936 ⁸⁸
2525 3893 2770 3962 :avidit
2783 3896 2943 3962 duas
2963 3915 3185 3976 naves,
3202 3919 3235 3958 ι)
3261 3902 3383 3964 etc.

1840 4020 1991 4085 quae
2039 4002 2405 4084 significant
2452 4002 2797 4068 Ecclesiam
2837 4008 2901 4069 et
2942 4003 3382 4088 synagogam.

1841 4106 2002 4174 Nota
2025 4108 2200 4192 quod
2226 4109 2413 4174 navis
2440 4109 2733 4175 Ecclesiae
2762 4111 2955 4176 habet
2978 4112 3388 4192 gubernacu-

1840 4215 1983 4280 lum
2010 4217 2158 4282 fldei
2184 4217 2527 4300 dirigentis
2554 4220 2599 4263 ⁸²
2634 4241 2697 4283 :a
2724 4218 2932 4286 Naves
2957 4239 3105 4286 cum
3124 4240 3386 4305 magnae

1841 4324 1989 4405 sint,
2025 4324 2278 4390 modico
2306 4326 2751 4408 gubernaculo
2797 4327 3343 4394 circumferuntur
3362 4378 3383 4408 ‚

1841 4430 1956 4495 ubi
1997 4432 2279 4514 impetus
2321 4431 2662 4514 dirigentis
2701 4434 3000 4502 voluerit.
3046 4457 3079 4496 ι»
3132 4436 3387 4518 Magnae

1841 4557 2045 4604 naves
2068 4543 2219 4604 sunt
2246 4556 2471 4605 omnes
2497 4539 2814 4608 Ecclesiae.
2843 4542 3128 4608 Mirabile
3152 4544 3386 4627 guber·

1841 4646 2149 4711 naculum
2176 4649 2271 4711 est
2301 4646 2479 4726 fides,
2510 4666 2661 4731 quae
2687 4667 2921 4715 navem
2950 4650 3246 4716 Ecclesiae
3271 4670 3386 4736 per

1840 4771 2042 4833 mare,
2073 4758 2138 4818 et
2164 4771 2278 4836 per
2300 4756 2562 4832 terram,
2592 4754 2657 4820 id
2684 4759 2802 4833 est,
2833 4775 2949 4839 per
2987 4758 3288 4838 adversa,
3318 4762 3385 4825 et

1840 4878 2146 4944 prospera
2170 4860 2392 4943 dirigit
2417 4862 2467 4900 ⁸¹
2502 4882 2518 4924 ε
2543 4884 2576 4923 α
2609 4861 2764 4928 Fide
2789 4864 3179 4930 transierunt
3204 4884 3386 4932 mare

1841 4968 2136 5034 Rubrum
2155 5016 2174 5046 ,
2221 4972 2530 5051 tanquam
2583 4989 2698 5053 per
2749 4971 2995 5038 aridam
3039 4977 3297 5038 terram.
3341 4996 3373 5034 n

1839 5062 1999 5142 Item
2046 5075 2237 5141 habet
2278 5077 2624 5142 anchoram
2675 5079 2810 5160 spei
2854 5079 3229 5145 stabilientis
3265 5080 3314 5122 ⁸⁸
3361 5102 3378 5148 z

1840 5238 1881 5273 ¹⁸
1909 5237 2144 5301 Hieron„
2171 5238 2224 5287 in
2247 5237 2366 5300 Isa„
2390 5251 2437 5288 c.
2473 5249 2552 5302 ιιι,
2572 5237 2718 5288 etad
2736 5239 3063 5305 Demetrium,
3087 5242 3235 5304 epist.
3266 5253 3380 5294 vm.

1839 5336 1902 5349 -
1950 5311 1994 5345 ¹⁶
2043 5307 2226 5372 Ereti..
2273 5320 2437 5371 κιαι,
2477 5311 2556 5360 25.
2603 5335 2667 5348 —
2713 5310 2755 5347 ¹⁷
2794 5310 2941 5362 Psal.
2988 5323 3183 5376 mm,
3227 5316 3276 5364 2.
3318 5340 3383 5353 —

1839 5383 1880 5424 ⁸⁸
1905 5382 2074 5445 Pron„
2107 5392 2264 5443 xxx1,
2296 5383 2373 5432 14.
2401 5407 2465 5422 -
2504 5380 2542 5417 ¹⁰
2573 5380 2781 5444 unuln„
2814 5392 2926 5446 xiv,
2963 5385 3042 5434 33.
3081 5410 3135 5422 -
3175 5385 3218 5420 ¹⁸
3243 5386 3379 5449 Luc..

1838 5464 1893 5515 v,
1920 5455 1970 5506 2.
1996 5478 2061 5490 —
2088 5452 2127 5490 ²²
2152 5453 2279 5513 ἄπο..
2306 5463 2397 5514 111,
2427 5454 2474 5504 4.
2497 5478 2553 5490 -·
2591 5451 2629 5486 ²²
2650 5451 2826 5516 Hem,
2847 5463 2922 5520 ΣΙ,
2944 5456 3025 5508 2⁹.
3055 5483 3110 5494 —
3145 5456 3189 5494 ²⁸
3208 5457 3383 5524 Heba,

1841 5535 1915 5592 vl,
1945 5525 2090 5578 ¹8.-·-
2110 5524 2178 5591 (α)
2204 5524 2322 5593 Leo.
2348 5526 2514 5577 motu.
3045 5573 3054 5582 .
