4059 6317
686 525 805 594 308

686 666 900 742 stum,
946 660 1027 726 de
1053 678 1184 744 quo
1210 660 1231 697 ¹
1261 680 1349 766 ἦα
1372 658 1807 742 Egredimini‚
1836 660 1987 726 flliae
2010 659 2166 727 Sion
2191 708 2212 740 ‚

685 771 751 834 et
787 769 996 834 videte
1036 784 1259 850 regem
1290 766 1396 851 (α),
1420 788 1452 828 n
1485 770 1605 833 etc.
1638 766 1886 850 Regina
1912 765 2081 834 Saba
2121 770 2217 834 est

685 876 901 942 anima
923 877 1175 955 sancta,
1203 892 1351 958 quae
1376 875 1640 942 veniens
1668 875 1739 940 in
1769 875 2089 941 coelestem
2111 874 2218 941 Je-

686 983 963 1050 rusalem
977 1031 997 1062 ‚
1034 983 1117 1049 ad
1147 982 1460 1048 coelestem
1508 981 1915 1049 Salomonem
1928 1032 1952 1064 ,
1999 982 2221 1048 laudat

685 1091 851 1157 hanc
874 1093 1183 1156 aeternam
1207 1089 1635 1155 dilectionem.

460 1219 663 1267 nnoeuo-
766 1197 945 1263 Circa
995 1200 1517 1264 communitatem
1584 1198 1659 1279 (b)
1703 1197 2055 1263 dilectionis
2107 1197 2219 1265 Dei

447 1284 520 1391 2¹:
547 1283 664 1390 222:
689 1306 937 1371 attende
957 1354 977 1387 ,
1020 1305 1193 1394 quod
1234 1305 1481 1370 dilectio
1516 1305 1626 1370 nei
1679 1307 2040 1372 eommunis
2082 1309 2175 1371 ωε
2194 1354 2216 1386 ,

447 1407 659 1451 mmm·-
688 1414 1109 1494 communior,
1140 1412 1685 1477 communissima.
1708 1410 2079 1477 Communis
2097 1413 2219 1477 uti-

689 1529 817 1606 que
837 1521 1137 1587 omnibus
1162 1518 1386 1585 amicis
1409 1519 1545 1585 suis
1569 1520 1594 1555 ¹
1628 1541 1691 1584 ια
1714 1518 1853 1601 Ego
1881 1519 2221 1602 diligentes

687 1647 792 1694 me
818 1629 1035 1712 diligo.
1052 1650 1085 1689 n
1114 1627 1322 1709 Dilige
1339 1645 1524 1709 ergo,
1544 1631 1619 1692 ut
1635 1627 1943 1709 diligaris,
1958 1645 2044 1692 ne
2064 1645 2218 1693 ana-

686 1736 965 1801 themate
984 1739 1226 1801 aeterno
1244 1735 1491 1799 feriaris
1516 1733 1537 1770 ⁸
1562 1755 1627 1798 :a
1643 1733 1709 1798 Si
1731 1732 1876 1817 quis
1896 1750 2028 1797 non
2051 1736 2224 1798 amat

688 1841 1030 1907 Dominum
1062 1840 1281 1907 lesum
1306 1842 1662 1922 Christum,
1688 1841 1770 1906 sit
1791 1841 2152 1907 anathema.
2183 1862 2215 1902 n

690 1950 851 2016 ltem
885 1950 1288 2016 communior
1326 1953 1423 2014 est
1459 1949 1571 2014 Dei
1616 1947 1864 2014 dilectio
1905 1947 2129 2013 amicis
2162 1951 2225 2013 et

689 2057 991 2137 inimicis;
1012 2057 1184 2122 unde
1197 2056 1254 2121 ⁸:
1282 2079 1314 2118 α
1330 2055 1584 2138 Diligite
1599 2054 1890 2120 inimicos
1903 2057 2172 2134 vestros,
2183 2075 2215 2115 n

690 2169 837 2244 etc„
866 2182 1073 2248 usque
1101 2185 1118 2229 t
1159 2186 1191 2225 α
1212 2167 1277 2229 et
1296 2163 1459 2247 pluit
1483 2181 1672 2247 super
1694 2164 1899 2246 justos
1925 2165 1989 2227 et
2015 2162 2225 2246 injus-

691 2277 790 2337 tos
820 2292 837 2337 ε
865 2292 897 2332 n
932 2271 1115 2356 quasi
1142 2270 1450 2336 Dominus
1478 2270 1644 2335 dicat
1673 2291 1689 2334 ς
1722 2268 1977 2352 Diligite
2005 2269 2224 2333 inimi-

692 2398 801 2445 cos
829 2383 1074 2445 vestros
1091 2427 1114 2460 ,
1144 2379 1295 2462 quia
1311 2382 1374 2444 et
1399 2396 1523 2462 ego
1548 2378 1748 2460 diligo
1777 2377 2098 2457 inimicos,
2133 2396 2230 2443 so-

690 2488 829 2556 lem
846 2493 911 2554 et
936 2489 1180 2568 lunam,
1209 2490 1274 2553 et
1295 2487 1419 2553 alia
1444 2488 1614 2553 bona
1639 2486 1731 2551 eis
1755 2486 2230 2551 communican-

692 2597 797 2663 do.
826 2596 963 2662 Imo
989 2597 1181 2662 etiam
1203 2596 1399 2661 solem
1432 2599 1744 2662 aeternum
1772 2594 2006 2660 Filium
2035 2614 2230 2660 suum

694 2704 952 2770 inimico
997 2703 1511 2772 communicavit.
1563 2702 1744 2769 Unde
1797 2704 2027 2769 dicitur
2061 2725 2078 2767 z
2124 2705 2231 2771 Sic

695 2813 858 2880 Deus
885 2811 1122 2880 dilexit
1149 2810 1463 2878 mundum
1482 2860 1504 2892 ,
1532 2815 1656 2877 etc.
1686 2816 1709 2853 ⁸
1746 2833 1778 2872 α
1805 2810 1961 2876 Cum
1989 2810 2234 2875 inimici

696 2938 1009 3001 essemus,
1039 2942 1071 2980 ι)
1102 2924 1221 2984 etc.
1250 2917 1611 2984 Bernartius
1629 2917 1653 2955 ⁸
1683 2938 1701 2981 t
1743 2939 1774 2979 ι
1800 2915 1967 2995 Quid
1991 2917 2234 2999 glorio-

697 3028 831 3092 sius
853 3026 1039 3092 nobis
1058 3075 1079 3107 ‚
1109 3045 1305 3111 quam
1331 3025 1505 3109 quod
1538 3024 1704 3089 tanti
1738 3023 2082 3090 aestimavit
2113 3043 2234 3091 nos

699 3134 910 3200 Deus?
938 3153 1087 3218 quae
1137 3133 1248 3199 illa
1274 3135 1483 3216 major
1534 3131 1770 3213 gloria,
1818 3148 2014 3214 quam
2059 3135 2236 3196 tanta

700 3241 987 3323 dignatio
1008 3243 1041 3305 ’ἓ
1082 3240 1176 3307 Eo
1215 3242 1442 3324 utique
1483 3238 1845 3304 dulcissima
1860 3285 1879 3316 ‚
1924 3255 2080 3302 nam
2118 3256 2235 3321 pro

699 3349 913 3431 impiis
931 3354 1226 3414 mortuus
1242 3350 1359 3412 est.
1375 3368 1408 3409 n
1433 3346 1588 3412 ltem
1606 3345 2126 3411 communissima
2141 3349 2237 3410 est

701 3455 947 3521 dilectio
966 3472 1115 3520 cum
1132 3439 1431 3520 omnibus
1450 3452 1757 3518 creaturis
1774 3472 1792 3533 ;
1815 3453 1985 3518 unde
2002 3453 2237 3518 dicitur

701 3562 807 3627 hic
828 3568 852 3605 '¹
885 3583 902 3627 ε
943 3583 974 3623 ι
1000 3560 1226 3644 Diligis
1265 3560 1515 3639 omnia,
1558 3577 1707 3643 quae
1743 3562 1933 3638 sunt,
1976 3562 2042 3625 et
2075 3558 2239 3623 nihil

704 3668 888 3733 odisti
932 3685 1159 3733 eorum
1176 3713 1194 3746 ,
1243 3683 1392 3750 quae
1436 3665 1659 3731 fecisti.
1693 3688 1726 3726 π
1756 3664 1901 3731 Νοιι
1944 3665 2077 3731 odit
2113 3666 2236 3731 Do·

704 3775 920 3840 minus
955 3792 1100 3858 quae
1136 3773 1318 3852 fecit;
1348 3772 1458 3838 sed
1493 3774 1622 3838 odit
1650 3791 1797 3857 quae
1831 3791 1963 3838 non
1994 3774 2138 3839 fecit
2163 3780 2186 3815 ⁸
2221 3797 2237 3839 ε

502 3900 680 3956 sopiam
716 3906 748 3944 α
765 3881 895 3947 Sex
918 3884 1092 3960 sunt,
1122 3896 1268 3963 quae
1292 3878 1424 3943 odit
1448 3878 1778 3958 Dominus,
1805 3884 1868 3944 et
1895 3881 2242 3972 septimum

494 3965 664 4070 032,
709 3989 1053 4054 detestatur
1079 3986 1296 4051 anima
1320 3986 1491 4069 ejus:
1517 3985 1733 4051 oculos
1759 3986 2094 4067 sublimes,
2126 3987 2245 4053 lin-

712 4113 913 4177 guam
939 4093 1379 4161 detrahentem
1400 4143 1420 4175 ,
1449 4112 1679 4159 manus
1715 4093 2114 4160 effundentes
2140 4096 2240 4160 in-

708 4203 977 4268 noxium
1020 4202 1399 4284 sanguinem
1418 4249 1438 4282 ,
1482 4218 1591 4266 cor
1630 4199 2004 4265 machinans
2065 4203 2242 4284 cogi-

709 4310 977 4377 tationes
1004 4309 1307 4394 pessimas
1329 4357 1347 4388 ‚
1377 4308 1567 4392 pedes
1590 4309 1835 4374 veloces
1870 4308 1950 4374 ad
1979 4328 2242 4376 curren-

712 4417 869 4482 dum
931 4416 1003 4480 in
1071 4415 1315 4479 malum
1331 4463 1351 4496 ‚
1431 4415 1857 4498 proferentem
1921 4418 2250 4483 mendacia

712 4527 934 4589 testem
961 4521 1247 4586 fallacem
1268 4566 1288 4599 ,
1331 4523 1395 4585 et
1430 4539 1584 4587 eum
1613 4517 1747 4606 qui'
1776 4523 2048 4589 seminat
2085 4528 2249 4590 inter

714 4631 939 4694 fratres
965 4627 1328 4694 discordias.
1360 4648 1392 4688 n

1271 4805 1557 4878 SERMO
1609 4807 1693 4877 11.

803 4954 908 5022 Sic
926 4953 1089 5021 Deus
1114 4950 1355 5019 dilexit
1365 4950 1707 5031 mundum,
1729 4957 1804 5021 ut
1821 4952 2035 5034 filium
2062 4969 2253 5021 suum

721 5062 1127 5145 uniqmitum
1152 5057 1339 5126 daret
1356 5061 1403 5122 ⁸.
1432 5056 1481 5124 Ο
1506 5051 1758 5123 dilectio
1772 5108 1792 5140 ,
1835 5077 1876 5124 o
1910 5059 2254 5126 liberalitas

724 5170 835 5234 Dei
867 5167 1072 5234 Patris
1094 5166 1184 5232 sic
1208 5183 1327 5231 nos
1356 5165 1710 5248 diligentis,
1742 5170 1816 5231 ut
1844 5167 2255 5250 unigenitum

789 5298 802 5327 ¹
835 5296 981 5347 Cant.
1034 5304 1113 5356 111,
1144 5295 1282 5344 n.—
1307 5293 1332 5328 ²
1352 5291 1518 5352 Prov„
1551 5303 1665 5356 vni,
1692 5294 1833 5344 17.—
1863 5292 1886 5328 ⁸
1918 5294 1935 5343 Ι
1966 5292 2108 5355 Gor„
2136 5305 2255 5355 xvi,

724 5369 804 5418 22.
831 5391 893 5404 -
920 5366 942 5401 ι
967 5331 1168 5426 hauh„
1197 5374 1248 5429 v,
1287 5364 1446 5414 44-45.
1472 5389 1528 5399 —
1562 5363 1585 5397 ⁸
1608 5363 1764 5425 nom„
1793 5375 1844 5427 v,
1874 5365 1950 5414 ιο.
1977 5391 2034 5400 -
2062 5364 2082 5399 ⁸
2105 5366 2254 5416 aem.

723 5462 785 5475 —
805 5439 825 5469 ²
851 5437 992 5500 Sap„
1014 5447 1089 5499 xi,
1110 5439 1254 5488 25.—
1277 5434 1297 5466 ⁸
1326 5434 1490 5498 Pron„
1518 5446 1591 5497 vl,
1619 5436 1697 5485 16.
1721 5460 1785 5473 —
1812 5437 1834 5467 ⁰
1859 5435 2023 5499 lomi„
2056 5447 2151 5498 ιιι,
2179 5439 2253 5486 16.

725 5534 787 5547 —
814 5511 854 5545 ¹⁸
881 5509 1000 5571 isa„
1032 5519 1108 5570 lx,
1135 5509 1183 5557 6.
1209 5532 1273 5544 —
1304 5505 1347 5541 ¹¹
1380 5504 1539 5568 Rom„
1572 5516 1697 5567 vin,
1729 5508 1808 5556 32.
1836 5532 1899 5544 —
1922 5507 1965 5542 ¹¹
1993 5507 2167 5570 Rern„
2205 5508 2258 5557 in

1772 499 2191 593 'suasorius
2233 519 2334 592 bs
2373 505 2761 592 ‘taurona

2326 660 2506 726 daret
2533 679 2648 745 pro
2674 659 2859 725 nobis
2890 675 2906 722 :
2935 658 3153 737 daret,
3191 659 3453 743 inquam
3474 707 3494 739 ‚
3530 658 3850 742 corporali·

2326 772 2425 834 ter
2448 768 2516 833 in
2544 767 3009 848 incarnatione,
3037 767 3216 833 daret
3241 764 3768 832 sacramentaliter
3784 765 3851 829 in

2327 877 2776 942 communione
2795 924 2813 956 ‚
2843 875 3256 960 spiritualiter
3277 875 3346 941 in
3364 873 3815 958 justificatione
3828 921 3847 953 ,

2328 983 2709 1049 aeternaliter
2734 985 2803 1047 in
2828 982 3162 1048 fruitionel

2411 1092 2501 1154 De
2547 1090 2758 1174 primo
2787 1091 2836 1131 ⁸⁸
2865 1108 2882 1155 ε
2915 1112 2948 1151 α
2990 1088 3188 1156 Filius
3214 1089 3402 1155 datus
3442 1091 3542 1156 est
3588 1087 3785 1153 nobis.
3814 1107 3844 1145 ι

2329 1196 2541 1265 Filius
2566 1196 2825 1281 utique3
2855 1216 2986 1263 non
3013 1197 3281 1280 angelus
3302 1247 3319 1280 ‚
3349 1215 3484 1262 non
3513 1197 3716 1264 homo
3736 1213 3855 1279 pu-

2330 1322 2446 1369 rus
2474 1306 2517 1341 ¹¹
2552 1327 2616 1371 :a
2641 1303 2762 1383 Qui
2789 1305 2981 1371 etiam
3010 1305 3267 1390 proprio
3293 1304 3426 1370 filio
3452 1322 3576 1370 suo
3601 1321 3734 1367 non
3751 1319 3858 1385 pe-

2331 1413 2558 1496 percit,
2590 1436 2622 1474 »
2658 1413 2974 1479 Praeterea
2999 1432 3133 1480 non
3158 1414 3308 1480 dicit
3331 1427 3568 1479 manus
3585 1461 3605 1492 ‚
3630 1410 3739 1478 vel
3754 1419 3858 1493 pes

2331 1518 2474 1586 Filii
2491 1569 2509 1600 ‚
2540 1521 2651 1588 sed
2676 1520 2884 1603 filius.
2914 1520 2997 1586 Et
3022 1539 3171 1587 vere
3191 1537 3507 1604 magnum
3529 1519 3783 1599 fuisset,
3807 1517 3860 1580 si

2332 1629 2608 1712 digitum
2635 1630 2774 1695 Filii
2797 1630 2985 1696 nobis
3012 1630 3302 1695 dedisset.
3332 1627 3458 1694 Sed
3483 1646 3631 1692 ecce
3667 1624 3863 1690 Filius

2332 1736 2518 1802 datus
2537 1741 2654 1817 aet,
2679 1740 2852 1803 totus
2876 1738 3060 1804 datus
3083 1741 3198 1803 est.
3220 1735 3586 1802 Bernardus
3603 1734 3648 1770 ¹⁸
3678 1752 3743 1798 :a
3759 1731 3866 1797 To-

2331 1847 2438 1908 tus
2465 1843 2623 1909 mihi
2646 1844 2831 1909 datus
2867 1848 2999 1925 est,
3029 1845 3099 1909 in
3137 1862 3294 1909 usus
3336 1860 3514 1908 meos
3552 1858 3868 1925 expensus

2335 1955 2451 2015 est.
2481 1971 2513 2011 υ
2546 1950 2755 2019 Filius
2794 1943 2988 2019 ddtus
3029 1956 3124 2018 est
3163 1951 3346 2017 nobis
3373 1971 3397 2012 .·
3425 1950 3610 2015 nobis
3651 1949 3869 2032 utique

2335 2075 2468 2122 non
2505 2058 2727 2123 amicis
2738 2107 2761 2140 ,
2795 2058 2905 2123 sed
2951 2058 3228 2123 inimicis
3270 2059 3338 2123 ⁸:
3379 2082 3410 2120 α
3429 2057 3588 2122 Cum
3631 2055 3871 2121 inimici

2336 2183 2652 2246 essemus,
2678 2189 2709 2227 n
2748 2167 2866 2232 etc.
2906 2166 3064 2232 Ecce
3090 2166 3256 2231 Deus
3286 2166 3457 2232 dedit
3494 2165 3613 2229 tibi
3639 2164 3870 2230 Filium

2337 2291 2531 2338 suum
2550 2321 2573 2354 ‚
2601 2277 2665 2338 et
2699 2279 2773 2339 tu
2808 2275 3040 2340 merito
3075 2275 3266 2341 debes
3305 2274 3455 2339 dare
3493 2273 3624 2339 Deo
3667 2274 3872 2338 fllium

2333 2381 2525 2443 tuum
2545 2428 2566 2459 ‚
2593 2379 2805 2463 ipsum
2830 2395 3081 2465 semper
3107 2381 3186 2446 ad
3211 2381 3457 2446 bonum
3485 2379 3870 2458 inducendo,

2339 2485 2506 2550 sicut
2531 2484 2761 2551 Tobias
2785 2487 2993 2552 fllium
3019 2506 3212 2554 suum
3229 2536 3252 2569 ,
3282 2487 3389 2553 vel
3412 2487 3493 2553 ad
3527 2486 3642 2552 Dei
3669 2486 3872 2553 servi·

2337 2593 2505 2657 tium
2561 2594 2772 2676 ipsum
2839 2594 3161 2661 offerendo
3228 2595 3475 2661 Christo
3487 2644 3510 2677 ,
3581 2593 3875 2678 exemplo

2340 2700 2638 2766 Abrahae.
2670 2699 2846 2766 Unde
2865 2705 2929 2766 et
2949 2702 3137 2766 Anna
3162 2702 3241 2768 de
3269 2701 3566 2767 Samuele
3600 2703 3736 2768 filio
3761 2720 3876 2768 suo

2341 2805 2503 2872 dixit
2538 2808 2583 2844 ¹⁸
2631 2829 2650 2872 ι
2694 2830 2725 2868 α
2749 2807 2922 2873 Dabo
2964 2826 3116 2872 eum
3166 2809 3410 2873 cunctis
3454 2807 3679 2873 diebus
3729 2808 3879 2876 vitae

2342 2916 2504 2997 ejus,
2534 2937 2565 2975 n
2589 2913 2745 2996 Sed,
2764 2914 2892 2980 heu
2908 2917 2924 2977 l
2942 2933 3139 2998 quam
3165 2913 3522 2979 miserabile
3549 2917 3682 2979 est!
3713 2914 3879 2980 Deus

2343 3020 2513 3085 dedit
2534 3022 2650 3086 tibi
2676 3021 2885 3086 fllium
2914 3039 3110 3086 suum
3141 3021 3255 3104 (c);
3298 3024 3363 3086 et
3390 3026 3465 3087 tu
3496 3022 3722 3088 dedisti
3752 3022 3880 3087 dia·

2341 3127 2489 3193 bolo
2517 3127 2682 3193 filios
2707 3133 2877 3209 tuos,
2918 3129 3173 3213 quando
3201 3128 3292 3193 eis
3322 3128 3631 3211 injustam
3665 3129 3875 3195 haere·

2342 3236 2603 3302 ditatem
2630 3236 2943 3320 reliquisti
2959 3286 2979 3318 ‚
3008 3237 3113 3302 vel
3138 3237 3209 3301 in
3233 3237 3412 3302 vitiis
3436 3255 3545 3303 eos
3570 3238 3877 3303 educasti.

2345 3342 2678 3408 Psalmista
2714 3344 2760 3381 ¹⁸
2790 3366 2806 3410 ε
2845 3367 2877 3405 α
2904 3344 3402 3411 Immolaverunt
3427 3345 3593 3411 filios
3617 3348 3683 3411 et
3717 3347 3881 3411 filias

2345 3468 2496 3516 suas
2532 3449 2899 3532 daemoniis,
2920 3474 2951 3512 n
2988 3455 3108 3516 etc.

2426 3561 2517 3622 De
2560 3559 2836 3624 secundo
2861 3559 2909 3600 ¹⁸
2946 3576 2966 3621 :
3004 3582 3036 3620 α
3063 3557 3250 3624 Pater
3280 3578 3466 3625 meus
3494 3560 3601 3626 dat
3646 3579 3880 3643 panem

2347 3682 2580 3729 verum
2597 3663 2781 3730 vobis
2799 3664 2877 3730 de
2894 3665 3075 3745 coelo,
3096 3688 3128 3726 2>
3144 3669 3264 3731 etc.
3301 3669 3521 3734 Verum
3537 3667 3718 3750 dicit,
3749 3687 3881 3734 non

2347 3770 2533 3835 illum
2559 3772 2922 3853 figuralem,
2954 3772 3187 3838 scilicet
3212 3791 3465 3856 manna,
3493 3794 3642 3859 quae
3671 3777 3886 3860 figura

2347 3877 2468 3942 fuit
2491 3877 2691 3962 hujus
2716 3879 2922 3961 panis.
2953 3877 3130 3944 Sicut
3154 3883 3326 3945 enim
3357 3900 3593 3948 manna
3613 3884 3885 3949 mirabi-

2347 3983 2474 4050 lem
2506 3984 2737 4050 habuit
2773 4002 3066 4068 saporem
3102 3989 3454 4054 secundum
3499 3990 3884 4057 desiderium

2350 4092 2889 4175 uniuscujusque,
2921 4091 3012 4157 sic
3038 4109 3268 4176 corpus
3311 4095 3561 4163 Christi.
3597 4098 3760 4165 Item
3799 4101 3883 4165 si-

2352 4201 2460 4263 cut
2503 4217 2742 4263 manna
2783 4199 2863 4264 ad
2913 4199 3114 4264 solem
3161 4199 3524 4284 liquefiebat
3535 4253 3558 4286 ,
3606 4205 3689 4272 ab
3734 4209 3887 4290 igne

2352 4325 2509 4371 vero
2535 4307 2983 4386 indurabatur;
3016 4308 3107 4372 sic
3145 4325 3374 4393 corpus
3399 4310 3627 4377 Christi
3664 4314 3748 4379 ad
3785 4332 3886 4380 so-

2359 4414 2487 4480 lem
2539 4415 2768 4498 gratiae
2813 4415 3105 4499 liquescit
3145 4417 3261 4483 tibi
3306 4420 3387 4486 ad
3438 4421 3709 4487 salutem
3728 4470 3753 4503 ,
3808 4422 3888 4488 ad

2356 4523 2576 4604 ignem
2620 4539 2777 4587 vero
2823 4521 3347 4605 concupiscentiae
3392 4526 3730 4594 induratur
3775 4530 3890 4595 tibi

2356 4629 2438 4694 ad
2463 4628 2956 4694 damnationem.
3002 4627 3106 4695 Sic
3151 4649 3310 4714 ergo
3350 4633 3662 4700 mirabilia
3679 4682 3696 4715 ‚
3744 4653 3890 4720 quae

2358 4739 2538 4801 erant
2559 4736 2627 4802 in
2644 4754 2904 4816 manna,
2921 4737 3180 4802 nuncin
3201 4756 3346 4803 esca
3361 4741 3642 4824 corporis
3660 4742 3891 4808 Christi

2355 4843 2690 4909 habemus.
2713 4841 3048 4908 Psalmista
3066 4844 3112 4880 ¹⁸
3135 4866 3198 4908 :a
3215 4844 3588 4912 Memoriam
3610 4849 3758 4914 fecit
3778 4850 3893 4914 mi-

2358 4951 2659 5017 rabilium
2687 4969 2993 5031 suorum,
3027 4973 3058 5012 n
3081 4955 3228 5032 etc„
3262 4972 3469 5037 usque
3502 4973 3518 5016 t
3561 4978 3593 5016 α
3619 4956 3894 5023 timenti-

2359 5058 2484 5123 bus
2512 5077 2602 5124 se.
2634 5078 2666 5118 n
2697 5056 2802 5123 Sic
2829 5057 3016 5124 datur
3041 5058 3331 5125 diabolus
3355 5079 3497 5127 esca
3528 5062 3596 5127 in
3639 5069 3894 5147 peccato

2361 5257 2592 5308 circumc
2628 5255 2801 5318 Dom.,
2829 5269 2987 5308 serm.
3016 5269 3110 5322 111,
3137 5270 3193 5309 n.
3222 5259 3271 5308 4.
3297 5285 3362 5298 -
3388 5259 3478 5311 ¹⁸1
3507 5260 3645 5325 neq„
3672 5266 3893 5324 1,ss.-·

2364 5328 2407 5363 ¹⁸
2431 5326 2568 5378 Paul.
2601 5338 2685 5389 cv,
2715 5329 2861 5380 32—
2889 5329 2933 5364 ¹⁸
2951 5329 3115 5391 loon„
3146 5341 3218 5393 νι,
3247 5330 3326 5381 32.
3349 5355 3411 5368 -
3434 5331 3477 5366 ¹⁸
3502 5332 3638 5383 Psal.
3667 5343 3757 5398 cx,
3783 5335 3831 5384 Ἰ.

2423 5435 2495 5500 (a)
2516 5434 2639 5486 Coet.
2659 5434 2784 5485 edit.
2804 5448 2900 5484 non
2918 5433 3099 5486 habent
3117 5439 3170 5486 et
3186 5434 3355 5499 ridete
3378 5450 3573 5503 regem.
3594 5465 3649 5476 —
3682 5438 3752 5506 (ὁ)
3778 5440 3894 5492 Col.

2364 5505 2482 5557 edit.
2516 5505 2889 5571 qualitatem.—
2925 5505 2984 5570 (c)
3016 5508 3140 5558 Item
3165 5506 3314 5560 filioS.
