4059 6317
660 676 773 741 otii
798 678 1027 740 nactus
1050 672 1239 738 fuerit
1267 670 1344 734 ad
1376 667 1591 751 plures
1614 680 1941 728 sermones
1964 679 2001 754 e
2027 672 2340 741 suggesto
2367 659 2757 726 recitandos?
2790 661 3115 748 Numquid
3141 670 3442 738 credibile
3465 675 3549 741 ita
3575 679 3848 747 theoriae

660 787 1279 861 artisconcionandi
1304 783 1646 860 studuisse,
1674 786 1749 844 ut
1776 779 1949 843 illius
1982 778 2234 859 praxim
2261 779 2522 841 omnino
2545 778 2943 859 neglexerit?
2971 782 3126 866 Ejus
3155 785 3475 858 Sermones
3517 794 3596 861 de
3630 796 3851 864 decem

662 903 996 976 umis
1020 904 1321 972 farmus
1365 899 1456 967 ad
1496 899 1745 965 clerum
1759 895 2148 979 praedicatos
2171 894 2547 977 praecedenti
2579 897 2616 975 ἓ
2643 897 2721 976 (α)
2745 897 3134 981 audivimus,
3165 906 3496 992 multoque
3520 911 3736 994 plures
3765 915 3854 979 aa

661 1024 969 1109 populum
1000 1020 1099 1087 vel
1144 1020 1303 1083 inibi
1330 1016 1634 1082 habuisse
1660 1013 1878 1078 nullus
1905 1010 2195 1091 ambige,
2237 1027 2365 1092 quo
2391 1028 2660 1074 suorum
2687 1013 2960 1078 fratrum
3003 1017 3212 1083 zelum
3247 1023 3488 1089 nedum
3530 1035 3851 1112 aequaret,

660 1141 772 1205 sed
796 1144 860 1205 et
895 1139 1095 1220 101130
1129 1138 1479 1219 superaret.
1525 1130 1833 1210 Quamvis
1876 1128 2047 1192 enim
2095 1126 2504 1207 generalatus
2547 1146 2785 1192 munus
2823 1131 3016 1196 alicui
3060 1135 3511 1219 impedimento
3556 1144 3676 1228 ipsi
3702 1164 3855 1211 esse

662 1257 959 1340 potuerit,
990 1272 1072 1319 ne
1096 1258 1190 1318 tot
1223 1268 1549 1316 sermones
1586 1251 1742 1331 quot
1783 1245 1903 1309 sub
1938 1246 2081 1327 ejus
2114 1245 2378 1308 nomine
2419 1244 2978 1328 circumferuntur,
3031 1254 3356 1336 scriberet,
3400 1276 3475 1322 ac
3513 1264 3856 1329 memoriae

659 1374 1100 1452 demandaret3
1128 1389 1259 1435 non
1292 1371 1503 1432 tamen
1530 1384 1613 1430 ne
1638 1365 1817 1430 velut
1843 1362 2292 1445 extemporalis
2328 1361 2554 1427 Orator
2583 1381 2698 1446 pro
2739 1382 2811 1428 re
2845 1371 2996 1431 nata
3031 1370 3297 1434 recitare
3331 1375 3593 1457 valeret,
3636 1399 3854 1463 quum

660 1491 971 1556 memoria
1014 1491 1257 1554 teneret
1304 1490 1653 1566 utrumque
1697 1480 2178 1545 Testamentum
2221 1479 2608 1562 haberetque
2645 1482 2716 1546 in
2771 1493 3072 1569 promptu
3115 1490 3377 1557 Patrum
3442 1500 3852 1581 testimonia,

660 1627 856 1693 supra
881 1612 1143 1672 caeteros
1167 1604 1476 1669 emineret
1509 1601 1827 1684 proecipue
1856 1599 1931 1663 in
1957 1612 2259 1676 sermone,
2293 1614 2501 1679 neque
2542 1598 2624 1663 ad
2659 1619 2811 1666 suas
2853 1606 3263 1686 perficiendas
3306 1611 3858 1701 addiscendasque

660 1725 996 1790 conciones
1038 1741 1115 1788 00
1157 1722 1478 1816 indigeret
1535 1721 1819 1799 tempore
1835 1763 1854 1794 ‚
1906 1733 2037 1798 quo
2069 1732 2234 1798 opus
2281 1713 2521 1778 habent
2576 1719 3048 1788 concionatores
3093 1726 3416 1810 vulgares.
3459 1731 3725 1816 Absque
3775 1754 3858 1801 eo

660 1847 900 1922 autem,
930 1840 1101 1925 quod
1131 1840 1471 1904 Sermones
1491 1837 1626 1920 ipse
1657 1834 1916 1917 propria
1943 1851 2166 1911 manu,
2197 1849 2330 1895 non
2357 1833 2495 1897 sine
2540 1837 2781 1915 praevio
2807 1840 3062 1906 assiduo
3098 1845 3330 1925 studio,
3373 1853 3686 1928 exararet,
3738 1852 3858 1915 alii

662 1962 1010 2041 potuerunt
1075 1958 1218 2039 eJus
1281 1973 1365 2019 ex
1436 1959 1723 2034 tempore
1788 1950 2110 2033 loquentis
2181 1967 2504 2013 sermones
2577 1952 2869 2035 excipere
2900 2004 2917 2035 ,
2995 1976 3068 2021 ac
3143 1960 3211 2022 iu
3279 1961 3525 2026 tabulas
3581 1965 3851 2031 referre.

663 2074 969 2140 Similiter
1019 2072 1240 2155 legere
1278 2076 1372 2135 est
1425 2069 1505 2134 de
1548 2072 1764 2131 sancto
1807 2066 2056 2131 Thoma
2109 2088 2124 2128 t
2168 2089 2198 2126 ι
2258 2066 2503 2131 Revera
2549 2087 2876 2137 sermones
2916 2076 3116 2139 sancti
3161 2077 3444 2143 Doctoris
3488 2081 3654 2145 inter
3703 2086 3855 2166 ejus

663 2192 867 2276 Opera
906 2194 1318 2256 recensentur
1372 2188 1453 2250 ab
1512 2187 1835 2269 antiquis,
1896 2187 2006 2251 sed
2048 2205 2132 2250 ex
2177 2205 2289 2276 ore
2330 2187 2595 2251 dicentis
2636 2190 2942 2272 reportati
2987 2194 3030 2256 ¹.
3062 2215 3093 2251 ι
3153 2193 3312 2258 Hinc
3363 2197 3602 2263 factum
3639 2207 3806 2283 puto
3832 2251 3851 2281 ‚

662 2309 835 2393 quod
859 2326 987 2372 non
1020 2307 1157 2371 sine
1186 2305 1475 2370 variante
1499 2302 1820 2384 legantur,
1852 2308 2043 2384 prout
2069 2302 2357 2366 videlicet
2382 2322 2422 2366 a
2447 2303 2714 2369 diversis
2749 2310 3048 2390 reportati
3074 2309 3367 2390 fuerunt3
3411 2315 3628 2379 eadem
3665 2319 3853 2383 enim

661 2427 880 2492 concio
905 2445 945 2490 a
972 2425 1167 2490 variis
1190 2423 1428 2503 audita,
1460 2421 1716 2486 nonnisi
1742 2439 1890 2484 cum
1919 2420 2138 2502 aliqua
2166 2420 2467 2485 varietate
2493 2427 2814 2487 narratur.

742 2549 802 2609 3.
836 2543 1013 2621 Quod
1042 2543 1096 2605 si
1120 2541 1420 2606 videatur
1444 2539 1721 2603 nimium
1747 2555 1971 2600 omnes
1996 2536 2136 2600 illas
2164 2536 2529 2618 ConcioneS,
2560 2559 2708 2622 quae
2725 2541 2848 2604 sub
2877 2542 3074 2606 nostri
3099 2539 3561 2612 Bonaventurae
3582 2551 3855 2618 nomine

663 2661 849 2725 editae
892 2662 1042 2723 sunt
1061 2706 1082 2736 ,
1149 2656 1356 2721 eidem
1411 2656 1738 2734 adserere;
1801 2654 2075 2716 nimium
2117 2671 2371 2735 quoque
2420 2655 2698 2734 videtur,
2745 2656 2899 2740 ipsi,
2949 2661 3022 2722 ut
3088 2662 3340 2743 eqreqio
3388 2663 3850 2747 Proedicatori,

663 2776 916 2841 easdem
953 2772 1497 2839 indiscriminatim
1536 2788 1761 2834 omnes
1798 2771 2070 2848 auferre,
2111 2771 2293 2853 quasi
2330 2789 2484 2835 vero
2510 2772 2665 2854 ipsae
2692 2772 2942 2837 nullum
2983 2774 3294 2842 haherent
3331 2784 3676 2846 auctorem.
3710 2782 3857 2849 Hoc

664 2892 823 2956 adeo
848 2891 1105 2955 videtur
1130 2889 1502 2967 absurdum,
1530 2893 1605 2952 ut
1627 2887 1730 2952 vel
1757 2888 1890 2969 ipse
1908 2887 2196 2951 Oudinus
2214 2887 2479 2951 minime
2505 2908 2703 2955 ausus
2727 2891 2921 2956 fuerit
2945 2908 3170 2956 omnes
3193 2893 3551 2962 indistincte
3577 2917 3852 2981 negare,

666 3014 860 3091 atque
906 3008 998 3090 (ut
1040 3006 1161 3071 sibi
1197 3009 1606 3089 sumpserunt
1652 3005 1979 3068 novissimi
2020 3004 2320 3086 Editores)
2369 3006 2450 3070 ad
2488 3008 2888 3090 supposititia
2921 3010 3287 3088 amandare.
3316 3011 3494 3078 Unde
3538 3033 3745 3097 agens
3771 3019 3858 3083 de

668 3125 1085 3192 Sermonibus
1104 3124 1397 3190 editionis
1425 3122 1795 3187 Parisiensis
1820 3121 1993 3203 apud
2026 3120 2335 3186 Jodocum
2362 3121 2631 3187 Badium
2658 3125 3034 3189 Ascensium
3061 3125 3216 3189 anui
3247 3130 3428 3205 1521,
3460 3129 3747 3210 loquitur
3781 3131 3858 3194 in

666 3243 809 3307 haec
835 3241 1029 3305 verba
1058 3259 1076 3304 2
1115 3263 1145 3300 ι
1173 3240 1338 3304 Sunt
1364 3239 1622 3321 quidem
1646 3256 1972 3303 sermones
1997 3239 2152 3303 satis
2176 3239 2479 3319 triviales,
2506 3245 2570 3305 et
2589 3242 2802 3305 minus
2819 3241 3076 3305 barbari
3103 3241 3399 3322 dictione,
3427 3245 3628 3327 etqui
3647 3244 3860 3311 Bona-

670 3363 960 3422 venturae
988 3376 1105 3421 nec
1141 3356 1477 3437 derogare,
1519 3373 1636 3418 1100
1668 3355 1951 3419 conferre
1982 3357 2261 3420 multum
2302 3359 2546 3440 possint
2591 3381 2606 3422 ι
2650 3359 2820 3423 1111110
2861 3358 3014 3440 quid
3040 3358 3120 3423 de
3164 3359 3268 3422 his
3307 3361 3602 3439 sentiam,
3637 3361 3859 3427 dicere

670 3476 783 3538 vix
810 3493 1092 3557 possum.
1125 3472 1321 3538 Porro
1349 3477 1663 3555 quantum
1700 3472 1780 3536 ad
1820 3473 2005 3551 alios,
2050 3492 2209 3555 quos
2246 3492 2417 3538 anno
2461 3479 2619 3538 ¹596
2665 3474 2892 3538 obtulit
2932 3474 3237 3539 Clementi
3274 3474 3507 3541 Octavo
3555 3476 3859 3558 Angelus

670 3590 873 3656 Rocca
898 3591 1141 3656 ordinis
1166 3589 1593 3654 Eremitarum
1622 3590 1764 3653 Divi
1814 3590 2159 3673 Augustini
2197 3591 2264 3653 111
2293 3591 2568 3655 editione
2595 3591 2879 3655 Romana
2907 3591 3199 3655 omnium
3228 3591 3506 3673 Operum
3541 3592 3608 3658 S.
3639 3593 3856 3659 Bona-

667 3713 979 3788 venturae‚
1007 3725 1154 3771 cum
1184 3707 1467 3787 ingenue
1493 3706 1762 3770 fateatur
1784 3707 2043 3770 eductos
2067 3706 2208 3770 illos
2233 3724 2316 3770 ex
2342 3707 2774 3790 manuscripto
2802 3707 3047 3786 Codice,
3075 3710 3189 3773 ubi
3221 3709 3635 3776 tumultuarie
3662 3713 3859 3794 positi

667 3824 1178 3900 inveniebantur,
1205 3841 1356 3886 cum
1385 3824 1788 3887 sermonibus
1818 3823 1983 3886 Petri
2023 3823 2305 3901 Aureoli,
2334 3827 2398 3886 et
2423 3824 2730 3903 aliorum,
2773 3823 2886 3888 vix
2917 3825 3058 3887 fieri
3090 3830 3294 3907 potest
3332 3844 3478 3889 cum
3509 3827 3854 3909 industria,

668 3945 732 4006 et
753 3941 1312 4023 circumspectione
1337 3940 1538 4017 omni,
1567 3943 1639 4003 ut
1660 3938 2052 4020 distinguere
2081 3940 2354 4020 potuerit
2379 3941 2649 4022 perfecte
2675 3945 2740 4004 et
2774 3942 3015 4024 absque
3041 3942 3260 4022 dubio,
3287 3961 3610 4009 sermonae
3646 3946 3854 4012 trium

667 4062 777 4123 aut
803 4061 1081 4140 quatuor
1124 4031 1577 4137 magistrorum
1627 4053 2038 4122 tumultuarie
2076 4056 2330 4138 positos,
2376 4056 2553 4122 Unde
2594 4062 2799 4141 major
2837 4059 3020 4123 debet
3056 4079 3194 4125 esse
3238 4060 3549 4126 certitudo
3591 4081 3852 4147 eorum,

665 4191 826 4257 quos
853 4191 1024 4237 anno
1056 4176 1206 4236 1521
1241 4171 1494 4235 Parisiis
1519 4171 1791 4237 lodocus
1815 4171 2051 4237 Badius
2075 4173 2413 4236 Ascensius
2440 4173 2786 4255 publicavit
2814 4181 2858 4239 ¹.
2894 4196 2926 4234 1)

744 4296 806 4355 4.
836 4290 1069 4354 Mirum
1098 4307 1279 4371 ergo,
1311 4308 1386 4352 ac
1410 4289 1747 4371 plusquam
1778 4290 2039 4369 mirum,
2074 4290 2139 4351 in
2170 4290 2291 4353 hac
2328 4308 2595 4354 censura
2623 4289 2946 4355 Oudinum
2981 4262 3178 4356 fuisse
3211 4292 3581 4357 novissimis
3625 4292 3856 4361 Edito*

663 4411 866 4489 ribus,
891 4425 1114 4473 omnes
1128 4407 1503 4489 hujusmodi
1529 4424 1851 4470 sermones
1876 4408 1951 4468 ut
1977 4405 2408 4487 supposititios
2433 4405 2935 4488 explodentibus‚
2961 4407 3155 4488 longe
3174 4408 3682 4474 moderatiorem.
3707 4409 3858 4477 Non

666 4533 882 4592 tamen
912 4525 1111 4609 probo
1137 4523 1365 4589 Oudini
1393 4540 1730 4587 censuram
1771 4523 1836 4584 in
1866 4540 1965 4601 eo,
1996 4522 2166 4604 quod
2197 4522 2529 4604 praedictos
2565 4540 2892 4587 sermones
2934 4544 2974 4587 a
3000 4524 3232 4588 lodoco
3276 4523 3470 4589 Badio
3499 4525 3858 4606 publicatos

664 4642 952 4711 triviale-8
980 4644 1162 4704 vocat
1189 4662 1204 4703 ε
1234 4658 1354 4703 1100
1378 4639 1551 4703 0111111
1579 4638 1873 4705 triviales
1900 4637 2147 4703 censuit
2177 4637 2481 4719 praefatus
2509 4656 2733 4701 eorum
2764 4639 3154 4720 recognitor,
3183 4639 3531 4705 illustrator
3550 4659 3625 4705 ac
3648 4642 3859 4708 editor

664 4761 913 4839 Badius,
944 4776 1139 4843 quem
1163 4756 1548 4821 Trithemius
1575 4758 1789 4822 virum
1831 4755 2366 4835 eruditissimum,
2415 4756 2884 4836 Philosophum,
2916 4755 3271 4834 Rhetorem,
3318 4763 3380 4824 et
3421 4757 3675 4824 Poetam
3717 4758 3858 4825 cla-

662 4879 1016 4953 rissimum,
1049 4876 1309 4958 ingenio
1328 4872 1747 4945 excellentem,
1780 4875 2243 4955 multorumque
2270 4871 2722 4952 praeclarorum
2753 4872 3210 4953 opusculorum
3237 4875 3618 4955 scriptorem
3642 4875 3860 4956 appel-

661 4992 753 5057 lat
776 4994 820 5055 ⁸.
847 4994 1055 5059 Minus
1081 4992 1281 5075 probo
1307 4990 1595 5073 ejusdem
1639 4990 1871 5054 Oudini
1910 5009 2247 5054 censuram
2279 4991 2344 5053 in
2393 5008 2490 5069 00,
2534 4989 2705 5072 quod
2751 4989 2838 5052 ait
2875 5012 2906 5050 ι
2943 4990 3055 5052 vix
3097 4991 3238 5054 fleri
3272 4992 3574 5073 potuisse,
3614 4997 3687 5058 ut
3713 4992 3854 5055 An-

665 5110 851 5192 gelus
875 5110 1077 5175 Rocca
1101 5109 1499 5190 distinguere
1525 5107 1799 5189 potuerit
1841 5125 2167 5172 sermones
2209 5106 2673 5172 Bonaventurae
2712 5125 2862 5171 cum
2899 5108 3303 5172 sermonibus
3350 5107 3532 5175 Petri.
3562 5108 3844 5189 Aureoli,

662 5231 726 5292 et
769 5227 1046 5292 aliorum
1092 5228 1161 5291 in
1210 5226 1638 5307 manuscripto
1679 5224 1898 5289 Codice
1938 5225 2353 5290 tumultuarie
2403 5225 2662 5307 positos.
2704 5247 2735 5285 n
2777 5224 2940 5290 Nam
2985 5230 3119 5289 arte
3160 5226 3376 5290 critica
3421 5244 3552 5290 non
3594 5228 3850 5292 carebat

726 5391 738 5421 ¹
768 5387 919 5441 Citati
946 5388 1124 5453 Operis
1152 5387 1392 5445 1101101111,
1422 5391 1546 5438 tom.
1579 5388 1594 5436 l
1610 5424 1625 5449 ,
1656 5401 1770 5452 pag.
1800 5389 1917 5450 331,
1953 5387 2052 5437 001.
2091 5392 2133 5434 l.
2163 5412 2222 5424 —
2258 5388 2274 5417 ²
2299 5388 2442 5438 Tom.
2480 5388 2574 5449 111,
2604 5387 2704 5437 col.
2738 5391 2848 5439 400.
2878 5414 2942 5428 -
2965 5388 2985 5419 ⁸
3007 5388 3086 5440 De
3111 5387 3358 5454 scriptor.
3389 5388 3583 5451 eccles„
3613 5402 3661 5440 c.
3692 5390 3803 5439 938.

726 5479 794 5545 (α)
824 5479 959 5543 vid,
987 5479 1094 5545 huj.
1125 5479 1247 5530 edit.
1281 5484 1404 5530 tem.
1438 5480 1545 5541 xli,
1574 5491 1687 5543 pag.
1722 5489 1971 5537 κιο-111111,
2001 5482 2054 5527 et
2078 5479 2304 5528 ses-256.
