4059 6317
1010 456 1396 526 DOMINICA
1435 455 1520 523 IN
1560 453 2089 522 SEXAGESIMA.
2132 453 2395 521 SERMO
2437 454 2547 521 111.

195 591 1724 680 possumus,estincertum.Bernardus¹:«Mou-s

191 718 308 766 non
331 701 540 783 parcit
565 702 780 782 sitati,
817 702 1056 786 ubique
1082 703 1348 769 senibus
1383 705 1480 767 est
1512 701 1584 766 in
1616 701 1726 783 ja-

154 871 160 877 .
193 807 345 887 uuis,
367 807 728 888 juvenibus
753 813 971 874 autem
1002 809 1076 874 in
1100 808 1428 874 insidiis.»
1464 809 1644 875 Certe
1668 806 1725 871 si

191 913 412 997 aliquis
436 932 558 979 rex
577 914 845 981 haberet
869 916 1104 980 bonam
1130 920 1391 994 terram,
1423 920 1489 980 et
1513 932 1728 979 conce-

192 1021 360 1087 deret
375 1020 496 1085 tibi
514 1021 830 1104 quidquid
844 1021 1064 1102 velles,
1084 1027 1150 1087 et
1173 1026 1488 1105 quantum
1505 1020 1724 1101 velles,

192 1127 388 1191 stubi
423 1126 654 1205 velles,
699 1130 766 1193 et
806 1128 1065 1211 quando
1104 1128 1338 1209 velles,
1381 1129 1730 1194 seminares

193 1232 350 1298 intra
381 1237 625 1317 septem
653 1251 879 1312 annos,
907 1238 1067 1316 puto
1096 1235 1270 1317 quod
1290 1253 1425 1300 non
1456 1235 1728 1300 libenter

193 1358 301 1422 pro
328 1338 547 1405 tritico
571 1339 902 1419 zizaniam,
926 1359 1044 1422 pro
1074 1359 1246 1423 coro,
1275 1342 1339 1406 id
1367 1346 1464 1408 est
1491 1360 1731 1426 magna

193 1447 567 1531 quantitate,
596 1447 808 1514 solum
836 1464 1119 1530 granum
1133 1495 1152 1527 ,
1196 1467 1314 1532 pro
1360 1450 1527 1515 bona
1556 1453 1729 1515 terra

196 1554 260 1617 in
285 1554 578 1636 petrosis,
603 1572 724 1637 pro
751 1563 993 1637 septem
1011 1555 1197 1620 annis
1218 1560 1461 1640 septem
1477 1556 1725 1637 diebus,

195 1659 292 1725 vel
333 1664 580 1742 septem
641 1660 820 1725 horis
881 1662 1249 1726 seminares.
1307 1661 1515 1741 Quare
1568 1681 1729 1745 ergo

194 1766 419 1830 stultus
464 1771 530 1831 et
568 1767 765 1832 miser
799 1763 996 1833 homo
1035 1768 1207 1832 mala
1232 1786 1424 1852 opera
1460 1788 1577 1854 pro
1611 1771 1726 1834 bo·

192 1874 322 1953 nis,
363 1873 950 1956 parcissimabona
992 1893 1112 1958 pro
1156 1876 1407 1956 multis,
1453 1878 1731 1943 inmalo

196 1980 373 2045 eorde
412 1999 538 2064 pro
578 1981 778 2062 bono,
824 1982 1003 2047 brevi
1047 1987 1332 2067 tempore
1375 2002 1492 2067 pro
1533 1983 1732 2068 longo

195 2087 483 2163 seminat,
514 2105 666 2152 cum
691 2092 909 2152 tamen
944 2089 1135 2154 modo
1179 2090 1493 2156 seminare
1534 2092 1729 2157 debe-

195 2196 309 2272 ret,
338 2192 515 2257 unde
541 2191 610 2256 in
633 2197 1020 2276 perpetuum
1045 2194 1426 2277 quiescendo
1446 2197 1732 2263 viveret?

195 2302 219 2336 0
242 2325 272 2361 e
292 2302 416 2367 Sex
431 2303 628 2367 annis
648 2304 990 2369 seminabis
1013 2309 1253 2370 terram
1268 2309 1472 2387 tuam,
1501 2311 1566 2372 et
1584 2326 1733 2373 con-

194 2409 494 2490 gregabis
526 2409 751 2491 fruges
787 2413 955 2493 ejus3
1001 2429 1171 2478 anno
1208 2417 1421 2478 autem
1464 2413 1730 2497 septimo

193 2516 468 2584 dimittes
493 2536 660 2595 eam,
702 2541 737 2578 n
772 2522 892 2584 etc.
935 2519 1060 2586 Per
1094 2538 1210 2586 sex
1234 2539 1439 2587 annos
1479 2523 1730 2605 siguifi-

193 2629 362 2689 catur
385 2626 527 2690 vita
553 2643 860 2708 praesens,
896 2645 1043 2710 quae
1081 2643 1198 2693 sex
1241 2629 1535 2694 aetatibus
1575 2649 1726 2696 con-

194 2734 327 2795 stat.
355 2732 538 2798 Unus
579 2738 799 2798 autem
843 2751 1057 2798 annus
1098 2752 1230 2817 quo
1273 2736 1731 2818 quiescendum

197 2845 358 2920 erat,
407 2840 620 2906 vitam
664 2844 927 2906 aiternae
989 2842 1223 2924 quietis
1268 2843 1611 2925 significat.
1659 2846 1729 2910 Si

195 2962 344 3028 ergo
383 2947 642 3031 aliquos
680 2964 888 3012 annos
933 2948 1304 3015 seminando
1348 2952 1685 3033 neglexisti
1706 3003 1723 3036 ,

196 3055 430 3120 semina
455 3053 611 3139 plus
637 3054 709 3119 in
733 3054 900 3122 aliis.

740 3229 1029 3301 SERMO
1072 3231 1188 3300 111.

265 3371 464 3441 Exiit
483 3376 611 3456 qm·
636 3374 919 3441 seminat
944 3374 990 3454 ³,
1019 3379 1138 3439 etc.
1169 3375 1280 3440 Est
1299 3393 1520 3443 semen
1539 3378 1734 3445 scieu-

199 3478 317 3557 tiae,
343 3478 770 3561 poenitentiae,
804 3479 1274 3561 misericordiae,
1295 3483 1586 3564 justitiae.

269 3584 592 3669 Deprimo
618 3585 642 3621 ⁴
671 3603 691 3648 z
732 3586 967 3652 Semen
993 3591 1087 3653 est
1123 3587 1378 3656 verbum
1413 3591 1554 3658 Dei.
1597 3592 1732 3659 Hoc

199 3710 406 3759 setnen
447 3693 566 3759 Dei
608 3694 827 3758 doctos
871 3694 1137 3775 requirit
1198 3696 1610 3765 seminatores
1644 3702 1666 3738 ⁸
1709 3723 1728 3769 ι

206 3822 237 3860 ι
279 3799 474 3865 Labia
533 3799 905 3883 sapientum
957 3800 1459 3870 disseminabunt
1520 3808 1728 3875 scien..

201 3905 366 3971 tiam.
393 3928 429 3967 i»
463 3905 629 3986 Sed,
669 3906 833 3969 heu!
865 3905 989 3970 hoc
1013 3924 1252 3988 semen,
1273 3910 1435 3976 sicut
1461 3916 1734 3982 semina-

202 4013 293 4075 tor
316 4013 614 4078 Christus
636 4013 946 4093 ostendit,
982 4017 1363 4101 quandoque
1397 4022 1479 4086 ab
1506 4025 1736 4092 avibus

203 4119 458 4202 rapitur,
487 4119 885 4204 quandoque
918 4125 1081 4188 aestu
1107 4127 1424 4207 exuritur,
1453 4133 1737 4213 quando-

205 4242 316 4305 que
333 4227 539 4309 spinis
568 4227 976 4311 opprimitur.
1007 4229 1177 4298 Aves
1201 4237 1416 4299 autem
1432 4242 1579 4305 sunt
1603 4240 1737 4306 ἀω-

206 4350 446 4415 mones3
477 4338 707 4414 astus,
738 4341 1204 4418 persecutorem
1234 4340 1457 4423 spinae,
1485 4346 1736 4429 tempo-

207 4440 422 4506 ralium
467 4439 956 4507 sollicitudines.
1009 4442 1060 4507 E
1100 4449 1416 4514 contrario
1451 4455 1736 4535 perversi

208 4550 507 4614 sommant
559 4566 789 4613 semen
855 4550 1087 4614 erroris
1147 4556 1211 4617 et
1282 4554 1569 4622 falsitatis
1629 4560 1652 4595 ⁸

213 4675 241 4715 ι
287 4654 472 4722 Venit
505 4655 816 4721 inimicus
866 4657 1004 4739 ejus
1030 4705 1055 4738 ,
1100 4663 1166 4723 et
1213 4665 1741 4744 superseminavit

213 4763 496 4829 zizaniam
558 4764 713 4846 (a),
768 4785 800 4823 n
847 4763 916 4827 id
960 4768 1058 4829 est
1096 4783 1392 4833 erroneas
1446 4774 1510 4835 et
1551 4772 1738 4839 falsas

214 4867 510 4936 doctrinas
530 4917 550 4950 ,
627 4869 794 4934 sicut
853 4870 1117 4952 quidam
1176 4875 1366 4940 modo
1424 4878 1741 4946 seminant

215 4974 550 5059 simplicem
595 4976 1075 5042 fornicationem
1123 4998 1254 5044 non
1292 5001 1427 5049 esse
1471 4988 1739 5053 mortale

219 5091 551 5164 peccatum,
587 5087 656 5149 et
685 5083 1086 5166 hujusmodi,
1129 5105 1277 5152 cum
1315 5093 1532 5157 tamen
1574 5095 1740 5161 dicat

272 5208 586 5272 '.,Bernnrd
615 5207 1285 5272 &manacta-te„
1328 5223 1736 5282 c.vni,..n¹6

221 5254 1736 5381 -23w1.,m1110-—⁸1.u0v,5.⁴-thmuis.

225 5375 274 5384 -
299 5352 506 5414 pm„
534 5362 631 5414 xv,
662 5349 1064 5413 7.-⁸11auln.,
1086 5362 1204 5416 xm,
1233 5357 1395 5405 25.-
1419 5359 1638 5420 ⁷lGor,
1667 5374 1739 5424 vi,

224 5422 364 5482 §,10
389 5420 874 5483 -tpsal.exxv,
908 5421 1048 5471 5.-
1082 5423 1304 5499 ’Bel-u„
1344 5429 1526 5495 ἠνι’9.
1564 5432 1719 5482 Να1ἱυ

3252 455 3366 527 m

1834 588 2171 674 Apostolus
2190 593 2214 628 '¹
2243 614 2259 657 i
2302 613 2335 653 ι
2371 589 2807 658 Fomicatoros
2841 597 2907 659 ot
2946 594 3217 661 adulteri
3259 611 3367 661 re-

1834 716 2044 782 guum
2069 698 2181 764 Dei
2206 717 2339 765 non
2364 699 2797 783 possidebunt.
2823 721 2855 761 s

1914 807 2003 872 De
2026 806 2343 872 secundo·
2369 827 2386 870 ε
2420 806 2589 886 «Qui
2613 809 2928 873 seminant
2949 809 3020 874 in
3042 808 3364 893 lacrymis,

1835 914 1906 978 in
1931 912 2323 979 exultatione
2352 918 2611 980 metent.
2630 936 2662 976 s
2699 913 2867 993 Quot
2897 915 3086 981 modo
3110 916 3368 981 tribula-

1835 1021 2038 1085 tiones
2058 1020 2382 1101 habueris,
2409 1025 2569 1105 quot
2597 1021 2914 1105 lacrymas
2950 1041 3069 1106 pro
3099 1024 3371 1106 peccatis

1834 1125 2161 1202 effuderis,
2192 1129 2349 1209 quot
2384 1131 2785 1211 peccatorum
2825 1128 3247 1195 confessiones
3284 1131 3372 1196 fe-

1837 1233 2016 1312 ceris,
2043 1236 2200 1315 quot
2220 1232 2378 1298 cibis
2402 1234 2803 1313 abstinueris,
2843 1238 3001 1318 quot
3029 1236 3370 1301 mortifica-

1837 1339 2044 1404 tiones
2083 1341 2521 1423 assumpseris,
2566 1344 2660 1406 tot
2694 1342 3083 1425 poenitentiae
3130 1343 3374 1409 semina

1830 1445 2013 1526 jacis.
2037 1444 2297 1511 Semina
2304 1447 2883 1531 ergolacrymando
2892 1448 2960 1512 in
2974 1450 3368 1529 contritione,

1837 1558 1902 1615 et
1919 1556 2120 1618 metes
2142 1552 2490 1619 exultando
2510 1553 2579 1618 in
2590 1554 3006 1621 retributione
3023 1574 3040 1620 z
3060 1556 3194 1621 imo
3206 1563 3373 1621 certe

1838 1659 2059 1741 angeli
2087 1663 2338 1725 metunt
2361 1659 2726 1740 exultand0,
2757 1662 2929 1744 quod
2953 1680 3072 1727 nos
3097 1664 3371 1728 semina-

1835 1783 1985 1830 mus
2024 1767 2425 1849 suspiraud0.
2475 1767 2835 1833 Bernardus
2867 1773 2891 1808 0
2934 1790 2950 1833 :
2998 1790 3030 1830 ι
3061 1767 3372 1847 Quoniam

1837 1875 2271 1958 spectaculum
2294 1878 2440 1942 facti
2470 1895 2728 1957 sumus,
2758 1883 2825 1942 et
2860 1878 3134 1960 angelis,
3164 1885 3227 1944 et
3264 1880 3374 1946 bo-

1838 1982 2145 2062 minibus,
2186 1984 2242 2047 si
2286 1984 2673 2050 seminemus
2722 1985 3090 2068 exemplum
3128 1986 3374 2052 bonum

1838 2109 1953 2173 per
1981 2091 2152 2156 bona
2171 2109 2382 2174 opera,
2431 2092 2820 2158 seminamus
2848 2093 3097 2175 angelis
3134 2095 3374 2176 gaudia

1836 2218 1952 2283 per
1975 2201 2223 2266 occulta
2257 2201 2552 2284 suspiria.
2581 2220 2614 2260 ι
2644 2200 2695 2265 Ε
2734 2202 3050 2266 contrario
3093 2203 3375 2269 carnales

1839 2309 2157 2372 seminant
2196 2324 2417 2372 semen
2457 2307 2844 2371 carnalitatis
2892 2309 3069 2372 omni
3122 2309 3258 2374 loco
3310 2313 3374 2374 et

1837 2419 2145 2497 tempore,
2160 2431 2291 2497 quo
2308 2418 2597 2498 possunt.
2618 2413 2743 2479 Sed
2762 2433 2861 2479 vae
2877 2416 3001 2479 eis!
3027 2415 3071 2452 ⁸⁰
3097 2415 3261 2493 «Qui
3284 2433 3375 2481 se-

1839 2521 2087 2587 minant
2110 2522 2181 2587 in
2203 2540 2413 2603 carne,
2437 2522 2515 2588 de
2539 2539 2727 2587 carne
2753 2526 2818 2587 et
2841 2525 3084 2588 metent
3107 2540 3369 2606 corrup·

1836 2628 2153 2694 tionem.»

1917 2733 2005 2800 De
2029 2735 2216 2800 tertio
2235 2735 2324 2771 ¹¹·
2308 2755 2388 2795 ,ιι
2414 2733 2535 2813 Qui
2574 2733 2893 2800 seminat
2876 2753 2947 2799 ιιι
2985 2736 3368 2802 benedictio-

1837 2842 2063 2922 nibus,
2106 2841 2185 2907 de
2228 2840 2767 2907 benedictionibus
2814 2845 2879 2905 et
2918 2846 3135 2908 metet.
3174 2843 3374 2909 Unus-

1838 2947 2113 3032 quisque
2136 2952 2331 3031 prout
2366 2947 2703 3012 destinavit
2745 2948 2814 3012 in
2851 2948 3039 3013 corde
3081 2967 3221 3028 suo,
3243 2967 3373 3014 non

1838 3072 1922 3120 ex
1947 3055 2225 3135 tristitia,
2250 3057 2365 3119 aut
2388 3072 2473 3120 ex
2487 3054 2885 3120 necessitate:
2908 3054 3178 3121 hilarem
3196 3056 3370 3121 enim

1837 3163 2122 3228 datorem
2149 3163 2359 3245 diligit
2396 3162 2584 3241 Deus,
2627 3183 2661 3223 n
2695 3166 2813 3227 etc.
2845 3161 3247 3244 Augustinus
3273 3170 3367 3227 ¹¹:

1844 3293 1877 3330 «ι
1905 3268 2110 3353 Opera
2135 3269 2582 3335 misericordiis
2612 3269 2858 3334 semina
2890 3273 3106 3334 nostra
3131 3274 3305 3335 sunt.
3332 3291 3364 3330 s

1837 3374 1907 3440 Si
1932 3394 2094 3458 ergo
2123 3375 2402 3442 seminas
2443 3376 2512 3439 iu
2546 3393 2707 3457 agro
2734 3393 3092 3458 pauperum
3122 3375 3373 3441 Domini

1835 3483 2197 3564 pecuniam,
2220 3500 2475 3565 panem,
2504 3485 2770 3561 vestem,
2813 3481 3198 3564 hospitium,
3242 3499 3375 3546 non

1836 3588 2045 3653 solum
2071 3589 2467 3672 centuplum,
2496 3588 2630 3652 imo
2655 3588 2933 3653 fructum
2961 3588 3374 3654 millesimum

1845 3696 2131 3779 recipies.
2159 3697 2201 3733 ¹⁸
2235 3719 2268 3757 α
2299 3696 2505 3762 Pietas
2525 3694 2608 3760 ad
2632 3695 2850 3760 omnia
2886 3695 3056 3761 utilis
3089 3702 3205 3776 est,
3234 3714 3376 3781 pro-

1839 3805 2208 3870 missionem
2233 3804 2474 3869 habens
2500 3803 2677 3881 vitae,
2698 3820 2846 3886 quae
2861 3821 3033 3868 nunc
3056 3807 3176 3884 est,
3195 3809 3258 3869 et
3273 3804 3373 3869 fu-

1838 3919 2024 3980 turae.
2043 3936 2075 3974 n
2102 3913 2378 3980 Joannes
2396 3912 2882 3996 chrysostomus
2898 3912 2948 3951 ¹⁴
2969 3932 2986 3976 ε
3016 3933 3049 3974 α
3065 3911 3113 3977 Ο
3138 3915 3375 3994 quanta

1809 4101 1822 4112 ,
1838 4021 2165 4088 beatitudo
2183 4040 2299 4105 pro
2316 4021 2528 4104 parvis
2546 4038 2787 4102 magua
2804 4019 3104 4103 recipere,
3131 4023 3372 4084 aeterna

1839 4147 1955 4213 pro
1979 4129 2307 4208 brevibus,
2341 4145 2457 4211 pro
2484 4126 2810 4192 morituris
2850 4144 3099 4210 semper
3139 4126 3376 4192 viven-

1839 4236 1964 4316 tia,
1982 4238 2048 4300 et
2073 4235 2305 4300 habere
2329 4234 2673 4300 Dominum
2697 4233 3078 4299 debitoreml
3100 4257 3132 4294 i>
3160 4233 3210 4298 E
3233 4251 3378 4298 cou-

1839 4344 2038 4408 trario
2064 4342 2239 4407 avari
2278 4342 2597 4407 seminant
2633 4359 2852 4406 semen
2896 4342 3254 4424 cupiditatis
3279 4342 3365 4404 ¹⁸:

1850 4471 1883 4511 α
1905 4450 1976 4514 ln
2008 4469 2352 4516 arenarum
2391 4450 2551 4516 telas
2588 4449 2663 4531 (b)
2712 4451 2833 4515 erit
2875 4450 3113 4515 vitulus
3152 4447 3376 4515 Sama-

1713 4582 1732 4626 :
1841 4559 1957 4623 riae
1987 4580 2003 4622 ε
2035 4558 2191 4641 quia
2214 4563 2482 4624 ventum
2509 4559 2938 4637 seminabunt,
2966 4565 3030 4622 et
3056 4557 3378 4623 turbinem

1841 4669 2103 4731 metent.
2134 4687 2167 4726 n
2199 4664 2454 4732 Vitulus
2479 4684 2714 4732 aureus
2757 4683 3045 4731 amorem
3091 4665 3381 4748 pecuniae

1842 4773 2158 4855 siguificat
2179 4821 2201 4852 ‚
2273 4774 2448 4856 quod
2519 4779 2615 4839 est
2687 4771 2934 4839 idolum
3007 4789 3372 4838 avarorum.

1844 4879 1891 4922 ¹⁰
1916 4902 1948 4942 α
1988 4878 2209 4945 Omnis
2249 4880 2612 4960 fornicator,
2654 4885 2769 4946 aut
2812 4880 3184 4946 immundus
3203 4926 3222 4958 ,
3267 4886 3380 4946 aut

1844 5005 2100 5066 avarus,
2125 4988 2300 5070 quod
2326 4992 2422 5053 est
2444 4988 2759 5053 idolorum
2783 4988 3075 5068 servitus,
3106 5005 3234 5052 non
3259 4987 3379 5052 ha-

1845 5131 2012 5191 Doni..
2045 5132 2624 5194 serm.11,..n6—¹·
2657 5130 2796 5196 Gal„
2825 5131 3378 5193 v1,.8—-'¹llCor.,

1847 5202 2483 5268 ix,6-·1.¹-⁸August.,
2509 5204 2685 5254 Enarr.
2714 5169 2931 5309 i'n’il’sal
2959 5208 3376 5268 cxxv,n.11.-

1847 5267 2105 5322 ¹³'lfm.
2109 5273 2931 5341 „.1v8-¹⁸Clirysost.,¹⁸-
2957 5275 3090 5339 Oe„
3117 5278 3377 5339 v111,-.67

1845 5343 2265 5412 -7¹⁸Epkes.,v
2232 5345 2360 5408 v,.5

1909 5432 1983 5497 (α)
2012 5432 2160 5498 Vulq.
2187 5433 2396 5485 zizania.
2425 5433 2584 5498 -(b)
2610 5434 2739 5486 Get.
2756 5433 2879 5484 edu.
2908 5433 3045 5487 telis.
