4059 6317
903 516 1277 585 DOMINICA
1318 515 1399 583 xl
1444 512 1643 582 POST
1686 510 2273 582 PENTECOSTEN.
2320 512 2584 583 SERMO
2627 516 2707 582 Il.

196 651 404 733 primo
432 653 747 735 superbus
773 652 1014 736 ligatur
1039 652 1300 718 vinculo
1326 650 1615 715 mentalis
1632 667 1737 712 su-

194 758 458 839 perbiae,
502 776 584 823 ue
626 761 824 842 possit
863 759 1108 824 moveri
1162 759 1241 823 ad
1290 755 1736 822 honorandum

197 863 437 943 Deum3
468 867 748 931 secundo
787 867 1028 949 ligatur
1065 865 1541 948 infrigidatione
1586 881 1736 927 cor-

192 969 376 1035 dialis
398 970 680 1050 invidiae,
711 990 795 1036 ne
829 973 1023 1055 possit
1055 972 1302 1037 moveri
1326 971 1408 1036 ad
1433 970 1733 1035 ordinan-

192 1076 348 1140 dum
382 1079 687 1161 seipsum.

275 1183 491 1250 Primo
527 1186 769 1267 ligatur
811 1188 1126 1271 superbus
1155 1186 1415 1253 vinculo
1443 1185 1739 1251 mentalis

192 1293 536 1375 superhiae,
565 1313 649 1359 ne
675 1295 874 1378 possit
897 1297 1141 1361 moveri
1172 1297 1253 1362 ad
1288 1294 1736 1361 honorandum

195 1399 421 1464 Deum.
451 1399 629 1465 Unde
649 1404 667 1439 ²
696 1425 727 1464 cx
744 1421 1118 1487 persuasum
1143 1404 1381 1469 habent
1399 1402 1602 1485 iniqui
1629 1420 1738 1465 na-

193 1506 355 1571 tioni
393 1512 627 1573 sanctae
665 1528 849 1593 posse
885 1511 1224 1591 dominari,
1254 1509 1530 1575 vinculis
1559 1513 1734 1574 tene-

193 1611 461 1678 brarum
488 1620 553 1680 et
577 1615 795 1698 longae
812 1619 1015 1682 noctis
1032 1618 1390 1702 compediti.
1422 1639 1453 1676 1>
1487 1615 1734 1698 Iniqui,

192 1718 260 1784 id
304 1726 403 1785 est
447 1722 595 1787 elati
638 1728 698 1787 et
749 1726 1030 1807 superbi,
1078 1725 1434 1806 effigientes
1483 1727 1732 1807 patrem

193 1846 387 1893 suum
415 1829 764 1911 diabolum,
795 1834 907 1917 qui
935 1836 955 1870 ⁸
988 1838 1279 1915 «regnat
1300 1850 1489 1915 super
1516 1850 1740 1896 omues

190 1935 358 2001 filios
404 1938 746 2021 superbiae,
788 1960 819 2000 n
866 1917 1241 2022 parsum-sum
1283 1939 1511 2007 habent
1548 1939 1629 2002 ab
1663 1957 1739 2004 eo

185 2059 375 2128 posse
399 2043 731 2113 dominari
769 2052 830 2113 et
869 2062 1139 2128 preaesse
1168 2046 1489 2126 omnibuS,
1525 2053 1589 2111 et
1614 2062 1735 2112 na-

192 2152 366 2219 tioni
397 2158 656 2234 samue,
697 2153 979 2221 vinculis
1020 2153 1413 2221 tenebrarum
1449 2160 1508 2220 et
1542 2155 1742 2236 lonqoe

191 2262 400 2328 noctis
426 2261 775 2344 compediti
798 2262 1114 2344 superbiae
1136 2262 1531 2326 excaecantis,
1560 2260 1741 2327 Com-

192 2368 392 2452 pediti
420 2372 484 2433 et
509 2369 977 2450 circumvoluti,
1005 2387 1087 2434 ue
1109 2370 1352 2452 possint
1395 2387 1464 2434 se
1494 2370 1575 2434 ad
1611 2370 1738 2435 hu·

193 2475 532 2541 militatem
565 2475 895 2555 inclinare,
937 2495 1054 2560 per
1088 2495 1282 2560 quam
1309 2477 1613 2542 celsitudo
1639 2478 1737 2542 di-

191 2582 366 2646 vinae
409 2584 753 2665 majestatis
795 2584 1167 2648 honoratur.
1213 2584 1375 2647 Nam
1430 2606 1462 2645 α
1502 2603 1743 2666 magna

192 2690 481 2772 potentia
509 2689 616 2754 Dei
642 2690 839 2754 solius
866 2690 892 2725 ⁸
919 2712 950 2750 11
988 2709 1027 2755 a
1064 2691 1215 2756 solis
1241 2691 1595 2757 humilibus
1618 2692 1738 2757 ho·

191 2801 486 2877 noratur,
517 2800 589 2861 ut
614 2797 698 2880 (a)
735 2797 989 2878 talibus,
1022 2798 1136 2881 qui
1161 2799 1467 2880 gigantea
1491 2800 1743 2882 magni-

191 2904 416 2970 tudine
438 2904 613 2983 elati,
643 2905 874 2969 nolunt
899 2906 1246 2986 humiliari,
1293 2911 1355 2970 et
1402 2906 1545 2971 aliis
1588 2925 1738 2989 pro-

190 3015 337 3094 pter
363 3011 565 3076 Deum
591 3013 863 3095 subjecti
888 3029 1025 3077 esse
1053 3034 1070 3076 :
1102 3013 1396 3078 futurum
1424 3014 1597 3078 enim
1620 3021 1738 3094 est,

191 3125 268 3186 ut
293 3121 452 3184 tales
474 3120 727 3185 delimo
750 3119 825 3205 (b)
850 3120 1058 3184 finalis
1076 3120 1304 3203 judicii
1322 3120 1736 3186 suffocentur.

192 3227 506 3294 Parvulos
533 3227 817 3293 Christus
843 3229 1116 3292 custodit
1150 3246 1298 3292 arca
1335 3228 1735 3293 humilitatis,

193 3335 376 3401 Unde
419 3334 576 3399 tales
628 3336 988 3416 ligurantur
1024 3353 1138 3417 per
1182 3334 1576 3415 Sedechiam,
1626 3337 1741 3420 qui

192 3442 428 3523 noluit,
459 3446 766 3526 tanquam
793 3441 997 3506 elatus
1021 3446 1082 3506 et
1104 3459 1436 3524 arrogem,
1462 3442 1742 3507 submit-

189 3554 332 3616 tere
369 3549 604 3615 collum
650 3552 815 3632 jugo
852 3549 1052 3614 divini
1100 3551 1399 3633 praecepti
1432 3572 1448 3614 2
1493 3551 1571 3616 de
1613 3569 1743 3634 quo

191 3658 432 3723 dicitur
456 3657 479 3692 ⁴
506 3656 678 3740 quod
703 3674 823 3721 rex
851 3656 1211 3741 BabyloniS,
1233 3657 1298 3722 id
1315 3661 1411 3721 est
1427 3658 1741 3738 diabolus,

200 3786 235 3827 ι
258 3765 480 3830 oculos
531 3763 850 3829 Sedechiae
904 3766 1103 3838 eruit,
1144 3770 1206 3830 et
1243 3765 1456 3831 vinxit
1496 3784 1644 3830 eum
1674 3765 1745 3831 in

193 3871 646 3954 compedibus,
687 3876 761 3936 ut
802 3870 1139 3936 duceretur
1167 3871 1234 3935 in
1260 3870 1676 3954 Babylonem.
1709 3894 1742 3934 n

279 3977 571 4044 Secundo
598 3978 885 4060 ligantur
916 3979 1117 4045 invidi
1147 3979 1420 4044 vinculis
1452 3980 1745 4045 cordialis

191 4087 483 4168 invidiae,
526 4091 601 4152 ut
641 4106 770 4153 non
816 4088 1056 4172 possint
1097 4089 1342 4154 moveri
1370 4090 1448 4155 ad
1475 4090 1745 4172 diligen·

194 4196 360 4260 dum
385 4195 777 4279 proximum.
816 4195 993 4262 Unde
1018 4197 1088 4261 in
1116 4195 1368 4262 Psalmo
1398 4202 1420 4238 ⁸
1457 4217 1473 4261 ε
1511 4220 1542 4259 α
1566 4197 1746 4262 Prin-

193 4303 372 4386 cipes
390 4307 828 4368 convenerunt
857 4305 928 4367 in
957 4323 1167 4369 unum
1195 4306 1502 4370 adversus
1530 4304 1745 4371 Domi-

194 4429 389 4488 num,
419 4416 485 4475 et
512 4411 821 4476 adversus
845 4412 1169 4478 Christum
1212 4415 1378 4496 ejus,
1420 4412 1746 4498 Dirumpa-

194 4537 348 4583 mus
375 4518 634 4583 vincula
659 4537 907 4599 eorum,
951 4525 1012 4585 et
1046 4522 1461 4605 proficiamus
1486 4540 1527 4586 a
1560 4521 1746 4587 nobis

184 4630 438 4711 jugum
500 4627 809 4710 ipsorum.
858 4648 889 4686 υ
954 4628 1287 4711 Principes
1346 4629 1743 4694 sacerdotum

193 4740 625 4801 convenerunt
637 4734 706 4818 (c)
721 4737 795 4801 in
809 4749 1011 4801 unum
1026 4736 1364 4804 adversum
1380 4739 1742 4818 Dominum,

191 4847 256 4909 et
284 4841 622 4910 adversum
652 4843 972 4910 Christum
999 4842 1160 4925 eJuss,
1182 4845 1439 4927 qnando
1467 4843 1748 4925 colligati

194 4950 476 5017 vinculis
529 4950 820 5015 cordialis
865 4951 1147 5031 invidiae,
1206 4952 1546 5017 consilium
1583 4952 1741 5016 inie-

195 5062 355 5122 runt
378 5057 685 5123 adversus
712 5059 1056 5139 Christum,
1089 5063 1162 5124 ut
1187 5077 1339 5125 eum
1379 5061 1570 5124 morti
1611 5064 1742 5124 tra-

196 5164 448 5244 derent,
477 5168 540 5229 et
564 5165 855 5229 vinctum
884 5164 1288 5230 adduxerunt
1319 5165 1427 5249 (d),
1467 5172 1533 5232 et
1558 5167 1748 5232 tradi-

265 5291 286 5326 1
314 5292 458 5353 Sap„
492 5301 633 5355 xvii,
670 5293 716 5343 2.
758 5317 821 5329 —
855 5291 874 5322 ²
898 5290 1016 5347 Job.
1051 5303 1172 5355 xm,
1202 5293 1280 5343 25.
1303 5317 1371 5331 -
1400 5293 1424 5329 ⁸
1456 5293 1639 5354 Eccli.,
1665 5306 1748 5358 111,

204 5365 295 5414 11.
327 5388 382 5398 -
419 5363 443 5399 ⁸
470 5364 533 5422 tv
565 5364 703 5428 Κεφ,
731 5375 856 5427 xxv,
883 5366 945 5428 73
975 5363 1176 5424 lev-em,
1209 5376 1313 5427 Lu,
1357 5369 1431 5416 ¹1.
1471 5392 1530 5403 —
1564 5367 1586 5403 ⁸
1614 5366 1750 5418 Psal.

203 5445 281 5495 n,
321 5435 422 5483 2-3.
460 5460 522 5473 —
561 5434 582 5464 ⁸
621 5434 825 5495 nauh..
861 5446 1040 5496 xxvn,
1082 5438 1187 5485 1-2.
1223 5447 1288 5472 -·-
1328 5435 1348 5468 ⁷
1386 5436 1534 5501 ibid„
1571 5440 1649 5489 25.
1692 5465 1746 5476 --

206 5507 225 5538 ⁸
261 5505 447 5571 Eccle„
475 5518 572 5572 vu,
599 5508 677 5559 2⁴1.
705 5531 766 5546 --
791 5505 816 5543 θ
842 5507 1023 5569 Eccli„
1051 5518 1168 5571 xxv,
1197 5508 1276 5557 33.

3272 518 3392 582 395

1846 647 2091 713 derunt·
2108 649 2331 716 Pontio
2367 651 2587 732 Pilato,
2624 653 2981 718 secundum
3020 652 3190 735 quod
3229 650 3392 717 dici-

1847 757 1958 818 tur
1984 756 2029 819 ⁸.
2063 756 2243 821 Unde
2262 777 2345 822 ne
2373 757 2509 823 istis
2525 759 2797 825 vinculis
2816 760 3108 824 cordialis
3129 758 3389 822 invidiae

1847 859 2434 928 circumvolvamur
2447 865 2716 930 odiendo
2732 865 3085 949 proximoS,
3107 865 3216 948 qui
3237 868 3391 927 sunt

1849 970 2138 1033 membra
2164 970 2414 1052 Christi,
2445 971 2587 1037 ideo
2612 973 2850 1038 addidit
2889 991 2905 1037 ε
2938 975 3393 1054 Dimmpamus

1848 1076 2111 1143 vincula
2136 1094 2371 1157 eorum,
2406 1084 2467 1145 et
2487 1079 2910 1161 projiciamus
2936 1097 2979 1146 α
3000 1078 3183 1146 nobis
3201 1079 3389 1142 inter-

1846 1186 1992 1250 nale
2016 1190 2082 1250 et
2106 1187 2490 1252 diabolicum
2511 1187 2768 1271 Juqum,
2807 1190 2930 1253 sub
2971 1205 3101 1271 quo
3139 1206 3207 1251 se
3238 1186 3390 1251 sub-

1839 1293 2275 1375 jugaverunt,
2320 1313 2471 1360 cum
2505 1296 2806 1360 dixerunt
2842 1295 2910 1378 (e)
2939 1296 2962 1327 '¹
2994 1317 3011 1360 :
3050 1321 3075 1352 ι
3110 1294 3395 1375 Sanguis

1847 1402 2047 1485 hujus
2086 1422 2280 1487 super
2318 1421 2455 1483 noS‚
2496 1408 2559 1467 et
2599 1421 2791 1486 super
2830 1405 2994 1469 filios
3034 1408 3305 1468 nostroS.
3352 1423 3384 1461 υ

1847 1510 2240 1591 Charissimi‚
2279 1531 2411 1576 non
2445 1512 2738 1577 odiamus
2781 1513 3171 1595 proximum,
3217 1509 3396 1575 Chri-

1848 1618 1930 1681 sti
1955 1619 2344 1683 membrum.
2374 1617 2495 1696 Qui
2511 1619 2638 1684 odit
2660 1620 3052 1701 proximum,
3075 1617 3395 1682 homicida

1847 1728 1963 1804 est,
1992 1728 2057 1789 et
2083 1726 2351 1807 sanguis
2376 1727 2654 1809 proximi
2693 1745 2886 1809 super
2921 1744 3072 1791 eum
3103 1729 3219 1804 est,
3264 1724 3393 1788 cla-

1851 1851 2035 1895 mans
2062 1834 2137 1896 ad
2169 1833 2369 1898 Deum
2395 1853 2510 1916 pro
2530 1834 2635 1898 sui
2658 1835 2962 1900 vindicta.

1928 1939 2141 2005 Tertio
2167 1941 2457 2022 ligantur
2490 1941 2721 2007 lubrici
2756 1941 3014 2007 vinculo
3050 1939 3396 2024 corporalis

1847 2049 2150 2130 lasciviae,
2190 2070 2271 2116 ne
2306 2052 2548 2135 possint
2583 2054 2829 2118 moveri
2855 2054 2934 2118 ad
2963 2053 3393 2119 ordinandum

1849 2161 1912 2221 et
1938 2157 2340 2241 diligendum
2353 2160 2613 2242 seipsos,
2638 2159 2814 2226 Unde
2844 2160 2869 2197 ⁸
2904 2182 2918 2223 ε
2956 2183 2987 2221 α
3016 2158 3234 2225 Inveni
3258 2178 3399 2224 mu·

1847 2264 2071 2329 lierem
2112 2270 2316 2330 morte
2361 2267 2770 2347 amariorem,
2811 2285 2960 2350 quae
2996 2267 3264 2350 laqueus
3304 2271 3399 2330 est

1851 2375 2225 2436 venatorum
2254 2391 2271 2436 ε
2303 2391 2542 2454 sagena
2569 2391 2679 2438 cor
2700 2376 2757 2458 ej
2767 2391 2865 2453 uS,
2891 2374 3147 2438 vincula
3168 2392 3399 2438 manus

1850 2478 2043 2543 illius.
2066 2500 2098 2539 n
2120 2478 2299 2544 Unde
2325 2480 2474 2545 dicit
2504 2503 2520 2545 z
2551 2483 2786 2549 Inveni
2806 2482 3183 2549 amariorem
3202 2488 3399 2548 morte

1850 2586 2194 2654 mulierem.
2228 2586 2388 2652 Nam
2414 2607 2589 2653 mors
2613 2590 2838 2653 occidit
2860 2607 3087 2672 corpus
3108 2607 3402 2672 corpora-

1849 2692 2033 2772 liter-3
2066 2694 2175 2758 sed
2208 2712 2483 2777 nequam
2512 2695 2745 2759 mulier
2774 2712 3005 2778 corpus
3027 2699 3092 2760 et
3116 2696 3398 2760 animam

1850 2802 2254 2866 aeternaliter.
2291 2802 2447 2883 Quoe
2475 2803 2739 2886 laqueus
2775 2811 2870 2870 est
2906 2810 3296 2883 venatorum,
3331 2804 3398 2869 id

1850 2915 1966 2988 est,
2001 2911 2394 2975 daemonum.
2440 2910 2568 2977 Isto
2614 2913 2790 2976 enim
2830 2912 3128 2977 muliebri
3169 2913 3400 2995 laqueo

1850 3017 2174 3082 daemones
2215 3019 2430 3083 venati
2477 3022 2631 3083 sunt
2674 3038 2878 3102 genus
2924 3021 3285 3085 humanum
3328 3021 3399 3085 in

1849 3125 2059 3207 primo
2074 3130 2354 3208 parente.
2373 3125 2535 3190 Nam
2552 3128 2856 3192 ’amulier
2872 3133 2967 3193 est
2985 3128 3239 3192 initium
3260 3145 3400 3211 pec·

1849 3233 1993 3296 cati.
2040 3255 2071 3292 11
2129 3233 2381 3316 Scaena
2425 3233 2749 3298 infernalis
2793 3240 2889 3299 est
2934 3221 3253 3299 lubricum
3290 3251 3399 3302 cor

1850 3341 1991 3422 ejus
2014 3340 2088 3404 ad
2119 3340 2497 3423 capiendum
2526 3341 2804 3407 lubricos
2827 3343 2895 3404 111
2924 3343 3108 3426 aquis
3128 3341 3397 3406 carnali-

1850 3449 2015 3512 tatis,
2049 3448 2127 3512 Et
2154 3464 2384 3515 ’nanus
2412 3448 2619 3525 illius,
2659 3448 2725 3513 id
2759 3454 2854 3515 est
2892 3467 3106 3533 opera,
3138 3450 3401 3517 vincula

1852 3559 2005 3619 sunt
2028 3555 2108 3619 ad
2133 3556 2517 3620 trahendum
2548 3557 2628 3620 ad
2668 3555 3096 3622 lubricitatem
3136 3559 3395 3641 peccati.

1853 3661 2029 3726 Unde
2071 3663 2183 3744 qui
2224 3680 2354 3726 non
2396 3662 2536 3727 vult
2576 3662 2906 3746 illaqueari
2934 3683 2974 3728 a
2998 3665 3401 3730 daemonibus

1851 3767 2082 3851 laqueo
2123 3769 2390 3833 carnalis
2430 3769 2731 3851 lasciviae,
2779 3772 2889 3837 sed
2931 3773 3071 3838 vult
3115 3774 3398 3855 seipsum

1853 3876 2170 3940 mundum
2197 3894 2571 3942 conservare
2610 3897 2727 3960 per
2763 3880 3107 3961 puritatem
3144 3881 3396 3964 pudici-

1850 3983 1982 4060 tiae,
2026 3982 2213 4047 debet
2238 3985 2550 4066 quantum
2577 3989 2785 4067 potest
2812 3985 3127 4051 declinare
3150 3991 3396 4070 specta-

1851 4090 1997 4154 cula
2022 4091 2401 4172 vanitatum,
2434 4092 2657 4173 fugere
2675 4093 2989 4158 consortia
3006 4094 3350 4161 mulierum
3375 4115 3392 4159 z

1851 4201 2003 4283 quia
2041 4199 2203 4263 sicut
2246 4216 2412 4277 rosa,
2448 4198 2551 4264 vel
2588 4198 2819 4279 lilium,
2852 4217 3001 4265 cum
3032 4201 3396 4284 frequenter

1850 4308 2168 4388 tangitur,
2202 4307 2420 4389 incipit
2442 4324 2846 4387 marcessere,
2876 4313 2941 4372 et
2967 4308 3256 4373 amittere
3284 4327 3389 4374 co-

1850 4415 2093 4493 lorem3
2132 4415 2224 4478 sic
2253 4418 2461 4478 castus
2487 4414 2705 4491 homo,
2736 4414 2992 4498 quando
3032 4434 3101 4479 se
3135 4416 3397 4499 exponit

1853 4521 2292 4606 hujuscemodi
2319 4520 2692 4603 spectaculis
2721 4522 3075 4587 vanitatum
3095 4524 3398 4589 etmulie-

1851 4649 2024 4709 rum,
2072 4631 2161 4694 ita
2193 4628 2533 4712 aliquando
2590 4630 2883 4711 tangitur
2935 4635 2998 4695 et
3044 4631 3396 4714 percutitur

1853 4757 1960 4802 cor
1995 4741 2157 4822 ejus,
2194 4742 2267 4801 111
2304 4738 2518 4802 statim
2561 4737 2823 4820 incipiat
2863 4755 3250 4803 marcescere
3284 4757 3396 4822 per

1851 4846 2255 4910 immundam
2289 4845 2764 4927 cogitationem,
2805 4848 3094 4912 amittere
3120 4847 3395 4913 colorem

1853 4956 1918 5018 et
1947 4953 2209 5018 odorem
2242 4952 2561 5017 interioris
2611 4953 2940 5019 munditiae
2980 4972 3096 5036 per
3129 4972 3393 5018 consen-

1853 5079 2001 5127 sum
2027 5060 2107 5124 ad
2133 5059 2307 5122 illam
2329 5060 2803 5140 cogitationem.

1936 5167 2251 5246 Secundo,
2280 5167 2349 5230 in
2378 5166 2576 5232 verbo
2602 5168 2922 5251 proposito
2949 5173 3204 5235 notatur
3228 5168 3398 5234 dolo-

1918 5363 1985 5430 (a)
2009 5364 2161 5414 Forte
2185 5362 2283 5429 leq.
2303 5375 2410 5414 non
2429 5369 2693 5415 autem.—
2723 5362 2792 5428 (ὁ)
2813 5365 2935 5415 Item
2958 5365 3093 5417 tales
3110 5365 3320 5417 diluvio.
3337 5393 3399 5405 —

1861 5435 1923 5500 (c)
1949 5437 2074 5488 Caet.
2113 5436 2235 5487 edit.
2270 5449 2383 5485 eum
2426 5436 2671 5486 venerint.
2700 5461 2765 5474 —
2794 5436 2873 5500 (d)
2906 5438 3030 5489 Item
3067 5438 3395 5492 adducerent.

1860 5535 1923 5550 -
1953 5510 2015 5574 (e)
2050 5509 2172 5560 Item
2199 5507 2431 5560 dixerint.
