4059 6317
697 451 821 515 6⁴0

698 583 921 658 cipum,
949 582 1129 656 prout
1166 593 1270 638 eos
1313 578 1579 652 dirigunt
1611 577 1677 636 in
1705 576 1993 651 gradibus
2034 575 2234 651 proesi-

697 674 952 736 dentiae:
981 678 1040 734 et
1065 674 1149 732 sic
1183 675 1322 732 sunt
1355 671 1746 747 principatus,
1788 686 2046 746 quorum
2093 685 2235 744 pro-

694 771 893 847 prium
929 772 1019 828 est
1055 767 1352 843 principes
1385 765 1450 824 in
1492 764 1869 842 praesidendo
1898 763 2151 836 dirigere
2180 767 2238 820 et

695 864 972 923 ordinare
994 860 1325 920 secundum
1351 859 1717 934 Dionysium,
1744 862 1802 917 et
1825 858 2003 916 etiam
2030 871 2237 914 secun-

694 959 842 1017 dum
867 956 1018 1015 illud
1060 956 1077 990 ¹
1113 974 1127 1013 ε
1167 975 1197 1009 ι
1241 955 1535 1028 PrincepS,
1582 970 1655 1011 ea
1697 969 1830 1027 quoe
1877 951 2061 1024 digna
2100 954 2236 1008 sunt

690 1050 982 1127 principe,
1010 1049 1314 1123 cogitabit,
1336 1048 1539 1123 etipse
1567 1062 1745 1121 super
1764 1046 1946 1103 duces
1972 1044 2169 1102 stabit.
2201 1064 2228 1097 n

689 1149 757 1204 Et
781 1161 921 1203 vere
951 1162 966 1201 ε
998 1160 1141 1201 nam
1168 1140 1683 1218 quemadmodum
1720 1138 1833 1213 ipsi
1881 1139 1944 1195 in
1980 1154 2045 1196 se
2072 1136 2236 1195 ordi-

687 1239 809 1299 nati
837 1241 995 1311 sunt,
1024 1237 1087 1295 in
1120 1239 1413 1312 quantum
1447 1234 1529 1293 ad
1570 1233 1832 1309 primum
1875 1231 2234 1307 principium

687 1333 1070 1402 reducuntur,
1109 1334 1168 1390 et
1196 1332 1423 1405 ipsum,
1465 1330 1756 1403 quantum
1802 1329 1888 1384 est
1924 1323 2230 1401 possibile,

686 1429 1015 1501 imitantur3
1044 1427 1128 1486 sic
1161 1425 1431 1487 subditos
1457 1424 1571 1483 sibi
1606 1422 1903 1499 principes
1932 1419 2230 1491 ordinant,

686 1524 825 1581 etin
840 1521 1126 1596 gradibus
1147 1518 1532 1595 proesidentioe
1555 1515 1868 1589 dirigendo
1886 1512 2229 1571 reformant.

685 1618 753 1674 Et
783 1616 848 1672 hi
891 1613 1190 1687 designari
1228 1614 1477 1687 possunt
1502 1611 1566 1668 in
1605 1602 1832 1683 An'gelo
1858 1605 1882 1639 ¹
1917 1606 2023 1682 qui
2049 1620 2232 1679 appa-

683 1708 803 1767 ruit
825 1710 999 1767 losue
1025 1706 1279 1782 principi
1307 1704 1597 1764 exercitus
1641 1701 1902 1773 Domini3
1954 1699 2050 1758 cui
2093 1713 2232 1756 cum

686 1802 906 1860 diceret
942 1820 959 1858 z
987 1821 1017 1855 ι
1059 1805 1264 1861 Noster
1289 1815 1373 1869 ee,
1400 1814 1480 1856 an
1509 1795 2022 1856 adversariorum?
2052 1813 2082 1847 »
2112 1808 2234 1849 res-

685 1896 898 1971 pondit
926 1912 940 1953 :
982 1913 1011 1948 ι
1035 1897 1446 1968 Nequaquam,
1475 1891 1584 1949 sed
1610 1906 1744 1947 sum
1769 1889 2047 1963 princeps
2070 1901 2232 1944 exer-

684 1990 833 2047 citus
855 1987 1102 2046 Domini.
1130 2007 1159 2043 n
1193 1986 1466 2045 Secundo
1494 1983 1743 2059 quidam
1768 1982 2121 2040 ordinantur
2150 1979 2231 2036 ad

683 2082 949 2156 regimen
976 2081 1263 2155 gentium,
1291 2082 1470 2154 prout
1507 2093 1610 2136 eos
1642 2077 1938 2134 instruunt
1956 2074 2020 2132 in
2048 2071 2231 2131 mori-

683 2176 802 2249 bus
823 2180 881 2235 et
918 2175 1207 2251 sapientia
1246 2192 1260 2231 ε
1301 2178 1358 2232 et
1383 2172 1446 2231 hi
1486 2177 1623 2229 sunt
1660 2169 2034 2243 Archangeli,
2082 2182 2233 2242 quo-

684 2287 819 2329 rum
872 2274 929 2328 et
966 2268 1280 2345 proprium
1324 2272 1412 2325 est
1463 2263 1828 2324 multitudini
1876 2260 2227 2338 praesidere,

684 2364 833 2425 sicut
858 2364 1119 2435 michael,
1143 2362 1246 2437 qui
1274 2360 1416 2419 olim
1445 2358 1557 2417 fuit
1580 2357 1855 2433 praelatus
1877 2361 2228 2431 Synagogae,

683 2458 870 2517 modo
899 2457 1112 2515 dicitur
1137 2455 1410 2530 praelatus
1438 2452 1726 2523 Ecclesioe,
1752 2451 1901 2508 sicut
1929 2449 2073 2507 dicit
2099 2449 2231 2506 Dio-

682 2550 888 2626 nysius
898 2550 940 2624 ⁸3
959 2554 1017 2608 et
1026 2550 1143 2608 hoc
1160 2547 1424 2622 estquod
1441 2547 1655 2604 dicitur
1670 2547 1692 2580 ⁸
1709 2549 1828 2603 :uin
1839 2558 2233 2617 unamquam-

684 2662 802 2721 que
823 2649 1057 2719 gentem
1081 2642 1402 2719 proeposuit
1426 2643 1737 2710 rectorem,
1760 2659 1788 2693 n
1824 2638 2026 2696 Glossa
2058 2655 2073 2693 :
2108 2657 2136 2689 α
2164 2635 2230 2694 Id

684 2738 1066 2811 est‚AngeloS.
1105 2756 1132 2791 n
1176 2739 1427 2795 Istorum
1461 2733 1638 2791 etiam
1676 2731 1940 2789 officium
1981 2732 2069 2788 est
2093 2729 2231 2786 illu-

685 2832 931 2903 minare,
950 2846 1209 2905 purgare
1232 2833 1289 2886 et
1301 2826 1585 2904 perficere
1597 2869 1618 2897 ,
1647 2828 1705 2885 et
1716 2825 1996 2883 sublimia
2008 2828 2233 2883 secreta

681 2925 1027 2985 hominibus
1053 2923 1341 2994 revelare,
1369 2936 1604 2979 necnon
1642 2924 1698 2977 et
1726 2920 2028 2977 daemones
2057 2934 2094 2976 a
2119 2933 2230 2976 no-

688 3019 782 3076 bis
807 3017 1176 3076 refraenando
1205 3016 1436 3088 fugare,
1477 3016 1626 3072 sicut
1650 3014 1841 3089 patuit
1874 3013 1939 3069 in
1975 3012 2230 3070 Archan-

687 3113 823 3186 gelo
847 3111 1171 3186 Raphaele,
1199 3109 1303 3184 qui
1327 3109 1348 3143 ⁸
1368 3107 1654 3181 relegavit
1683 3106 2018 3164 daemonem
2037 3105 2099 3162 in
2128 3104 2230 3162 de-

684 3209 839 3264 serto
875 3203 1195 3279 superioris
1246 3201 1501 3276 AEgypti.
1547 3200 1734 3259 Tertio
1771 3198 2020 3275 quidam
2063 3196 2228 3256 ordi-

683 3303 899 3357 nantur
925 3297 1005 3355 ad
1022 3296 1289 3369 regimen
1316 3296 1650 3365 hominum,
1673 3297 1740 3350 ut
1765 3309 1869 3351 eos
1896 3291 2232 3349 custodiant

684 3392 745 3450 in
791 3390 1011 3451 semitis
1062 3389 1412 3448 innocentiae
1454 3405 1470 3444 ε
1518 3390 1576 3445 et
1614 3387 1678 3444 hi
1721 3389 1858 3444 sunt
1899 3384 2108 3457 Angeli
2149 3384 2229 3442 ad

682 3485 1148 3558 uniuscujusque
1181 3482 1440 3540 hominis
1468 3480 1798 3540 custodiam
1828 3478 2117 3553 deputati,
2150 3478 2227 3536 de

682 3578 905 3653 quibus
930 3580 980 3635 ⁶:
1018 3596 1047 3631 ι
1072 3576 1308 3649 Angelis
1330 3575 1451 3633 suis
1467 3574 1776 3631 mandavit
1805 3572 1879 3630 de
1898 3577 1977 3644 te,
2002 3575 2069 3628 ut
2094 3588 2227 3629 cus-

681 3654 977 3731 todiantte
993 3671 1056 3729 in
1067 3669 1346 3729 omnibus
1361 3668 1471 3726 viis
1488 3669 1662 3725 tuis.»
1680 3670 1900 3726 Horum
1918 3665 2228 3742 proprium

681 3770 787 3839 est,
816 3781 969 3840 quos
988 3761 1359 3834 custodiunt,
1389 3762 1469 3820 ad
1502 3762 1600 3820 Dei
1640 3763 2033 3819 reverentiam
2075 3759 2228 3817 exci-

681 3864 826 3930 tare,
852 3874 1085 3932 semper
1113 3855 1495 3932 peccantibus
1531 3855 1940 3930 poenitentiam
1978 3870 2227 3927 persua-

609 3964 614 3968 ·
682 3951 846 4024 dere,
879 3954 935 4010 et
973 3949 1170 4009 malos
1212 3966 1250 4008 a
1288 3947 1596 4007 maleficiis
1638 3963 1939 4006 revocare.
1987 3950 2230 4021 Propter

684 4044 852 4121 quod
895 4044 1039 4102 dicit
1092 4042 1485 4115 Hieronymus
1529 4042 1594 4097 ⁷:
1649 4061 1677 4093 «
1715 4045 1927 4115 Magna
1971 4039 2230 4113 dignitas

683 4139 1041 4209 animarum,
1063 4141 1130 4195 ut
1158 4151 1533 4210 unaquaeque
1581 4134 1659 4193 ab
1688 4138 1823 4192 ortu
1863 4152 1984 4192 suoe
2009 4133 2230 4193 nativi-

684 4232 817 4291 tatis
838 4231 1057 4290 habeat
1073 4229 1362 4303 Angelum
1381 4229 1461 4286 ad
1480 4228 1813 4286 custodiam
1842 4228 2190 4303 deputatum
2211 4246 2226 4286 ε

685 4331 743 4385 et
768 4325 934 4401 quod
961 4324 1153 4398 magis
1179 4321 1452 4381 mirabile
1482 4324 1591 4394 est,
1619 4320 1733 4397 ipsi
1760 4322 1934 4380 etiam
1964 4322 2229 4380 obstina-

684 4421 755 4477 tis
800 4424 858 4478 et
910 4417 1157 4494 perfidis
1182 4416 1422 4475 effectus
1467 4432 1589 4474 suae
1616 4415 1896 4474 custodiae
1927 4431 2052 4473 non
2095 4415 2232 4473 sub·

683 4513 942 4570 trahunt.
995 4511 1087 4569 Ad
1124 4510 1242 4569 boc
1291 4510 1475 4583 exigit
1523 4509 1622 4567 lex
1666 4509 2018 4581 Divinitatis,
2063 4509 2232 4582 cujus

684 4606 996 4681 proprium
1023 4608 1111 4662 est
1135 4605 1197 4661 in
1224 4603 1392 4662 nullo
1434 4603 1733 4676 negligere
1770 4602 2045 4661 ordinem
2076 4620 2092 4660 ε
2125 4604 2231 4660 sed

683 4715 793 4774 per
824 4700 1050 4775 prima,
1094 4697 1298 4755 media
1325 4715 1343 4768 ;
1375 4701 1431 4755 et
1458 4712 1566 4771 per
1594 4695 1816 4767 media,
1845 4700 2108 4755 extrema
2145 4713 2233 4754 re·

687 4792 923 4852 ducere.
955 4812 983 4846 ι
1035 4791 1178 4849 Dicit
1200 4790 1376 4864 igitur
1405 4808 1423 4848 ε
1449 4793 1522 4848 Et
1549 4805 1725 4847 omnes
1750 4790 1975 4862 Anqeli,
2010 4795 2122 4848 etc.

1175 4988 1288 5063 DE
1346 4987 1412 5063 S.
1469 4986 1733 5067 LUGA.

1296 5140 1553 5219 SERMO
1576 5136 1622 5199 ⁸.

761 5268 830 5322 In
857 5264 968 5334 leae
1015 5261 1232 5318 Domini
1273 5260 1390 5329 ruit
1436 5261 1688 5316 voluntas
1728 5257 1875 5329 ejus,
1926 5261 2074 5315 etin
2120 5260 2233 5329 leqe

692 5358 805 5429 eius
826 5357 1178 5413 meditabitur
1190 5352 1281 5409 die
1298 5353 1570 5411 acnocte⁹.
1590 5352 1888 5427 Duplicem
1906 5356 2105 5409 actum
2127 5353 2230 5410 ba-

1668 439 2085 508 SERMONES
2121 437 2221 503 DE
2262 432 2618 505 SANCTIS.
2662 437 2927 505 XLVIII.

2342 575 2446 633 bet
2479 575 2680 634 anima
2694 577 2928 633 nostra:
2961 573 3602 646 nnumintellectivum,
3626 575 3876 652 quiper-

2344 668 2577 726 ducitur
2596 668 2849 741 lumine;
2880 668 3133 726 alterum
3154 667 3513 740 affectivum,
3546 670 3655 744 qui
3678 686 3875 729 amore

2341 762 2641 836 perficitur
2680 762 3104 820 inflammante.
3151 764 3266 819 Lex
3294 778 3439 834 ergo
3474 762 3707 821 Domini
3742 779 3875 820 cum

2340 855 2638 912 illuminat
2657 861 2715 912 et
2729 855 3078 927 inflammat,
3103 855 3462 913 intellectum
3475 856 3705 931 perficit
3729 857 3875 915 circa

2341 965 2568 1019 verum,
2617 953 2675 1006 et
2714 948 2991 1006 affectum
3036 947 3364 1006 inflammat
3394 949 3476 1007 ad
3521 950 3771 1008 bonum.
3816 952 3874 1008 ln

2341 1042 2506 1114 cujus
2528 1042 2725 1116 figura
2741 1040 2839 1098 lex
2868 1041 2927 1098 in
2956 1042 3088 1114 igne
3108 1041 3291 1115 Moysi
3311 1042 3452 1100 data
3476 1042 3617 1114 fuit3
3644 1046 3704 1100 et
3732 1044 3874 1099 simi·

2339 1135 2468 1193 liter
2510 1136 2825 1210 ApostoIiS,
2870 1136 3088 1208 linguis
3122 1138 3314 1210 igneis
3354 1141 3441 1195 est
3482 1143 3743 1209 ostensa,
3781 1144 3870 1205 nt,

2340 1230 2489 1287 sicut
2516 1230 2659 1287 dicit
2688 1230 3017 1288 Bernardus
3042 1228 3108 1300 ¹⁰,
3131 1230 3373 1304 «legem
3400 1232 3645 1304 igneam
3670 1231 3873 1303 lingue

2336 1322 2526 1396 igneae
2544 1324 2945 1398 loquerentur.
2974 1344 3003 1380 n
3042 1322 3147 1381 Vel
3172 1340 3383 1382 verum
3411 1327 3471 1382 et
3499 1325 3875 1382 certissimum

2338 1422 2443 1488 est,
2474 1418 2644 1492 quod
2670 1417 2826 1490 ignis
2848 1422 2902 1475 et
2937 1417 3094 1476 lucet
3119 1420 3180 1476 et
3202 1419 3353 1476 calet
3382 1436 3398 1475 ε
3424 1417 3589 1475 lucet
3630 1417 3803 1489 visui,
3826 1420 3875 1474 et

2338 1511 2490 1569 calet
2512 1512 2690 1569 tactui
2720 1529 2735 1568 ε
2767 1515 2834 1569 ut
2857 1527 2966 1586 per
2992 1511 3107 1570 boc
3146 1512 3385 1570 daretur
3420 1511 3700 1584 intelligi,
3722 1511 3870 1583 quod

2337 1604 2433 1662 lex
2452 1621 2585 1679 quoe
2613 1603 2867 1662 dabatur
2894 1605 2957 1661 in
2991 1604 3152 1677 igne,
3188 1609 3244 1662 et
3270 1609 3395 1663 erat
3436 1605 3518 1663 ad
3548 1604 3875 1662 docendum

2334 1696 2532 1773 ipsum
2555 1697 3219 1770 hominisintellectum,
3249 1703 3308 1755 et
3338 1697 3736 1756 nihilominus
3769 1703 3877 1755 erat

2338 1791 2418 1849 ad
2436 1791 2931 1849 inflammandum
2961 1790 3255 1849 affectum.
3286 1794 3403 1849 Lex
3423 1808 3575 1865 ergo
3591 1808 3732 1849 cum
3757 1792 3878 1849 facit

2338 1888 2535 1943 creata
2570 1885 2756 1956 bona,
2798 1891 2887 1949 est
2926 1885 3205 1957 amanda,
3246 1890 3304 1943 et
3330 1887 3791 1958 conscribenda,
3827 1891 3877 1942 et

2337 1987 2423 2040 est
2459 1997 2639 2057 opere
2667 1981 3072 2055 adimplenda.
3115 1981 3264 2051 Quia
3290 1996 3437 2054 ergo
3460 1981 3680 2039 beatus
3708 1984 3873 2039 Lucas

2335 2075 2490 2133 hanc
2515 2076 2710 2148 legem
2736 2076 2979 2147 amavit,
3005 2075 3161 2133 hanc
3188 2075 3507 2150 exquisivit
3549 2078 3613 2132 et
3640 2074 3874 2131 consmi-

2334 2170 2470 2243 psit,
2493 2169 2649 2227 hanc
2675 2169 2853 2227 etiam
2869 2169 3225 2228 observavit.
3253 2168 3391 2227 Ideo
3417 2168 3495 2226 de
3520 2185 3597 2226 eo
3624 2169 3776 2226 bene
3800 2167 3873 2225 di·

2336 2262 2484 2321 citur
2514 2280 2529 2320 :
2560 2265 2628 2319 In
2654 2265 2765 2333 leqe
2813 2266 3063 2332 Domini,
3107 2268 3216 2320 etc.
3252 2262 3319 2319 ln‘
3354 2278 3480 2336 quo
3515 2261 3731 2326 verbo,
3770 2278 3873 2318 ιω·

2336 2362 2511 2431 pectu
2541 2357 2756 2414 divinae
2779 2356 2949 2430 legis),
2994 2354 3447 2414 commendatur
3470 2373 3548 2413 ex
3583 2363 3751 2430 parte
3786 2354 3875 2411 de·

2336 2449 2560 2520 siderii,
2590 2449 2757 2523 quod
2796 2449 3006 2507 habuit
3028 2449 3093 2506 in
3122 2449 3407 2517 amando,
3437 2451 3504 2505 ut
3547 2448 3634 2505 sic
3663 2452 3807 2506 esset
3827 2448 3873 2505 ei

2337 2558 2507 2600 amor
2535 2543 2599 2601 in
2634 2542 2975 2615 affectione3
3019 2559 3093 2600 ex
3129 2547 3298 2617 parte
3336 2541 3679 2613 ministerii,
3726 2542 3876 2616 quod

2335 2634 2545 2693 habuit
2563 2635 2626 2693 in
2646 2635 2982 2707 scribendo,
3002 2636 3181 2693 simul
3199 2640 3255 2692 et
3273 2634 3599 2707 studendo,
3628 2635 3878 2692 studium

2335 2730 2398 2786 in
2428 2728 2857 2803 conscriptione
2886 2728 3064 2786 simul
3092 2734 3149 2787 et
3170 2728 3423 2787 lectione
3438 2746 3458 2801 ;
3500 2745 3576 2786 ex
3605 2732 3773 2803 parte
3796 2745 3879 2785 ae-

2336 2827 2428 2880 tus
2453 2823 2717 2881 continui
2742 2823 2806 2880 in
2828 2820 3291 2896 perseverando,
3316 2821 3497 2879 labor
3526 2822 3801 2879 assiduus
3822 2821 3878 2878 in

2336 2917 2796 2975 continuatione.
2833 2919 2947 2975 Ista
2987 2915 3147 2973 enim
3189 2915 3299 2973 tria
3325 2914 3557 2973 faciunt
3587 2915 3879 2973 hominem

2337 3025 2464 3067 esse
2486 3009 2815 3084 perfectum
2845 3029 2860 3068 ε
2900 3009 3121 3084 primo,
3161 3010 3212 3066 si
3245 3009 3445 3082 legem
3476 3009 3724 3067 interius
3750 3008 3878 3065 dili-

2338 3106 2462 3177 gat,
2502 3106 2741 3161 notatur
2785 3108 3054 3161 sanctum
3081 3101 3464 3174 desiderium,
3505 3102 3679 3177 quod
3714 3101 3881 3159 habet

2336 3197 2399 3253 in
2436 3195 2697 3253 amando
2740 3214 2755 3253 :
2795 3198 2860 3253 ln
2894 3198 3007 3267 leqe
3044 3199 3263 3253 Domini
3296 3198 3415 3265 fuit
3461 3197 3719 3252 voluntas
3752 3196 3875 3266 ejus.

2336 3289 2634 3359 Secundo,
2655 3290 2703 3345 si
2732 3289 2794 3347 in
2822 3306 2895 3348 ea
2922 3288 3173 3362 studeat,
3214 3294 3273 3347 et
3304 3304 3492 3346 manu
3531 3289 3875 3357 conscribat,

2335 3386 2573 3440 notatur
2615 3384 2744 3456 ejus
2780 3383 3202 3451 ministerium.
3251 3383 3421 3457 quod
3459 3382 3681 3441 habuit
3711 3382 3772 3440 in
3803 3381 3879 3438 le-

2338 3476 2562 3550 gendo,
2588 3477 2923 3549 scribendo,
2944 3482 3006 3535 et
3027 3477 3414 3535 meditando:
3443 3479 3519 3534 Et
3546 3480 3609 3532 in
3637 3478 3751 3548 leae
3774 3476 3878 3547 ejus

2337 3571 2710 3628 meditabitur.
2757 3571 3052 3629 Meditatio
3098 3572 3291 3641 enim,
3327 3574 3394 3628 ut
3448 3569 3598 3627 dicit
3650 3572 3877 3626 Bernar-

2338 3664 2452 3723 dus
2476 3665 2515 3699 ¹¹
2551 3684 2580 3719 α
2610 3665 2921 3738 investigat
2951 3664 3117 3739 quod
3143 3671 3349 3740 postca
3373 3681 3565 3723 manu
3595 3665 3827 3722 scribat.
3848 3684 3873 3717 ι

2336 3758 2518 3815 Tertio
2537 3773 2705 3830 vero,
2749 3758 2799 3815 si
2827 3761 3269 3833 perseveranter
3296 3758 3415 3815 hoc
3463 3761 3605 3830 agat
3613 3778 3634 3831 3
3682 3761 3739 3817 et
3776 3758 3879 3815 hoo

2337 3855 2574 3910 notatur
2611 3868 2764 3926 opus
2804 3852 3171 3923 continuum,
3209 3851 3375 3926 quod
3409 3852 3626 3910 habuit
3650 3866 3881 3926 semper

2335 3945 2400 4002 iu
2426 3946 2745 4015 studendo,
2790 3962 2929 4003 cum
2973 3945 3242 4018 additur,
3272 3947 3361 4003 die
3402 3964 3469 4003 ac
3508 3953 3694 4018 noae,
3735 3946 3878 4003 hene

2340 4040 2499 4097 euim
2525 4039 2827 4097 studentes
2853 4055 2978 4096 non
3004 4039 3202 4097 solum
3240 4040 3305 4096 in
3341 4039 3442 4097 die
3476 4039 3737 4107 student,
3781 4038 3877 4096 sed

2337 4134 2515 4191 etiam
2543 4134 2608 4190 in
2635 4136 2827 4192 nocte.
2870 4133 3037 4191 Circa
3071 4148 3215 4205 ergo
3255 4132 3521 4191 studium
3559 4133 3775 4191 divinae
3804 4132 3878 4189 le-

2338 4227 2448 4299 gis,
2471 4227 2638 4300 quod
2661 4226 2869 4285 beatus
2884 4228 3072 4285 Lucas
3095 4226 3329 4298 habuit,
3357 4230 3629 4285 versatur
3658 4227 3755 4284 hic
3779 4226 3875 4283 iste

2340 4335 2562 4391 sermo,
2590 4324 2699 4377 etc.

2412 4416 2506 4471 Est
2531 4428 2675 4485 ergo
2701 4413 3066 4485 notandum,
3098 4414 3267 4489 quod
3292 4413 3443 4473 sicut
3480 4414 3589 4473 iste
3632 4417 3878 4486 Evange-

2339 4507 2473 4565 lista
2495 4506 2689 4579 legem
2715 4506 3015 4581 tripliciter
3040 4507 3270 4579 habuit,
3288 4508 3371 4565 ita
3400 4507 3584 4566 etiam
3610 4508 3871 4582 portavit.

2341 4605 2488 4660 Nam
2515 4616 2646 4657 eam
2674 4600 2885 4659 habuit
2907 4601 2971 4658 in
3003 4599 3218 4659 affectu
3243 4617 3352 4676 per
3388 4606 3592 4660 actum
3631 4601 3878 4658 dileefio-

2342 4698 2466 4769 nis3
2497 4701 2554 4754 et
2577 4696 2787 4755 habuit
2819 4696 2885 4754 in
2920 4696 3105 4755 affatu
3140 4712 3250 4772 per
3283 4700 3485 4755 actum
3525 4696 3875 4771 praedicatio-

2342 4791 2464 4863 nis;
2502 4791 2610 4849 sed
2658 4806 2792 4857 eam
2838 4791 3224 4850 nihilominus
3262 4793 3523 4867 portavit
3560 4793 3625 4849 in
3669 4806 3869 4859 manu,³

2340 4901 2448 4959 per
2467 4901 2619 4960 opus
2636 4885 3103 4960 conscriptioniS,
3117 4886 3243 4945 sive
3260 4903 3368 4965 per
3388 4885 3663 4946 effectum
3676 4900 3873 4960 opera-

2409 5080 2422 5109 ¹
2454 5079 2573 5141 lca„
2599 5088 2767 5142 xxxii,
2789 5081 2838 5128 8.
2874 5103 2924 5116 -
2960 5079 2981 5112 ¹
3004 5079 3130 5138 ὦσι,
3159 5090 3210 5143 V,
3241 5081 3320 5129 13.
3346 5103 3409 5118 —
3434 5079 3650 5139 ⁸Dion.‚
3668 5079 3730 5130 de
3748 5076 3871 5130 Coet.

2343 5148 2504 5209 Hier„
2533 5162 2582 5198 c.
2612 5160 2684 5213 ix,
2710 5148 2742 5212 5
2768 5152 2819 5200 2.
2843 5174 2907 5187 —
2938 5148 2960 5183 ⁴
2990 5149 3170 5209 Eccli„
3203 5160 3329 5212 xvii,
3361 5153 3440 5201 u.
3471 5178 3527 5188 —
3560 5153 3582 5189 ⁸
3610 5151 3739 5211 Tob„
3763 5162 3867 5212 vm,

2342 5223 2390 5270 3.
2419 5246 2483 5258 -
2517 5220 2540 5255 ⁸
2569 5220 2703 5269 Psat.
2732 5230 2827 5283 xc,
2859 5224 2935 5270 Η.
2966 5246 3029 5258 -
3063 5220 3087 5255 ⁷
3114 5220 3347 5285 Hieron„
3376 5223 3432 5273 in
3472 5222 3678 5286 uatem,
3713 5233 3781 5272 vt.
3814 5246 3865 5257 --

2340 5289 2363 5325 ⁸
2389 5292 2536 5341 Hunc
2560 5290 2717 5341 habet
2745 5292 2862 5341 cod.
2893 5291 3051 5343 Assia.
3079 5305 3203 5343 saec.
3237 5305 3358 5343 ιω.
3388 5321 3446 5331 -
3476 5294 3496 5325 ⁰
3526 5295 3726 5358 psat-1,
3747 5297 3867 5345 2.-

2344 5365 2387 5400 ¹⁰
2410 5366 2582 5427 Rern„
2614 5364 2663 5413 in
2690 5366 2807 5428 sest.
2840 5367 3049 5430 Pentec„
3078 5378 3233 5417 serm.
3265 5380 3302 5429 1,
3335 5380 3391 5417 n.
3428 5370 3475 5419 2.
3504 5394 3567 5405 --
3596 5370 3630 5403 ¹¹
3664 5368 3733 5419 td.
