4059 6317
647 505 768 568 400

645 636 888 702 habent
923 635 1241 702 contraria
1276 637 1347 702 in
1391 633 1845 719 compositione
1902 636 2186 718 corporis

647 741 1002 810 secundum
1027 746 1266 809 statum
1299 748 1548 809 naturae
1585 743 1806 826 lapsae,
1856 745 1920 807 et
1957 760 2188 807 sccun-

646 851 806 919 dnm
846 855 1082 916 statum
1137 857 1387 918 naturae
1437 852 1765 918 instituta.
1820 850 2187 916 Secundum

646 960 819 1026 enim
848 963 1086 1026 statum
1105 965 1354 1025 naturae
1379 959 1576 1043 lapsae
1601 977 1732 1024 non
1753 957 1963 1024 solnm
1981 961 2191 1042 agunt

645 1066 989 1151 inaliqnod
1004 1067 1455 1147 extrinsecum,
1476 1067 1586 1132 sed
1604 1066 2188 1132 etiamadinvicem

646 1177 876 1241 mutuo
900 1178 1105 1257 agunt
1142 1178 1207 1240 et
1236 1176 1587 1259 patiuntur,
1612 1178 1742 1240 tam
1770 1175 1841 1238 in
1871 1174 2009 1258 ipsa
2033 1192 2187 1240 con·

647 1282 1001 1364 stitutione,
1051 1300 1247 1366 qnam
1287 1286 1431 1365 post
1470 1283 1886 1347 constitutum
1921 1299 2080 1347 esse.
2118 1283 2191 1347 ln

648 1394 818 1458 statu
842 1408 998 1456 vero
1025 1389 1408 1456 innocentiae
1430 1391 1643 1455 taliter
1666 1390 1889 1455 omnia
1908 1391 2028 1455 ista
2048 1392 2188 1456 fue-

650 1503 805 1564 runt
843 1499 1464 1582 comproportionata
1505 1499 1576 1564 in
1620 1500 1831 1583 prima
1876 1500 2186 1583 composi·

650 1606 847 1686 tione,
872 1607 976 1672 vel
1001 1605 1082 1671 ad
1108 1609 1352 1671 tantam
1377 1607 1781 1672 concordiam
1825 1607 2074 1687 educta,
2119 1613 2195 1673 ut

649 1719 902 1794 mutua,
939 1714 1051 1780 illo
1075 1719 1246 1779 statu
1273 1722 1591 1794 manente,
1634 1734 1768 1782 non
1803 1719 2189 1799 pugnarent.

650 1817 730 1886 Et
759 1819 900 1883 ideo
925 1817 1084 1883 illud
1114 1836 1346 1902 corpus
1370 1820 1782 1899 commoveri,
1807 1821 1939 1884 sive
1965 1820 2193 1884 dissol-

651 1928 722 1992 vi
747 1926 868 1991 sub
891 1926 1234 1991 intrinseco
1251 1944 1504 1992 necesse
1525 1946 1659 1993 non
1684 1932 1841 1994 erat.
1873 1928 2053 1994 Unde
2076 1928 2194 1992 etsi

652 2038 789 2100 erat
803 2032 1070 2100 mortale
1091 2037 1155 2098 et
1171 2034 1600 2118 corruptibile,
1622 2040 1686 2100 et
1695 2035 1922 2101 habuit
1937 2053 2197 2099 causam

509 2193 520 2200 .
652 2141 1077 2225 corruptionis
1111 2141 1182 2205 in
1225 2160 1329 2221 se;
1367 2145 1582 2206 tamen
1625 2141 1935 2207 voluntati
1974 2142 2197 2225 subja-

653 2251 837 2317 cebat
861 2269 945 2315 ex
963 2249 1187 2316 ordine
1213 2250 1453 2316 divin-‘e
1463 2250 1730 2334 justitiae
1760 2271 1778 2314 ε
1805 2255 1870 2314 et
1885 2248 2049 2329 iden,
2073 2249 2200 2314 nisi

655 2359 953 2424 voluntas
992 2377 1218 2424 eorum
1259 2358 1715 2437 dominaretur,
1766 2375 1996 2441 corpus
2035 2375 2202 2423 nun-

655 2485 852 2550 quam
882 2472 1417 2549 corrumperetur,
1449 2467 1748 2549 quamvis
1774 2483 1945 2530 nunc
1972 2483 2201 2530 verum

656 2574 739 2640 sit
766 2575 938 2659 quod
972 2574 1122 2639 dicit
1163 2574 1609 2657 Philosophus,
1639 2575 1812 2657 quod
1840 2590 2033 2639 omne
2058 2592 2200 2638 cor·

656 2682 958 2766 ruptibile
976 2682 1054 2747 de
1074 2682 1443 2747 necessitate
1466 2683 1921 2764 corrumpitur,
1943 2700 2207 2764 corrup-

659 2789 838 2854 tibile
863 2806 994 2853 non
1028 2789 1317 2871 subjacet
1338 2788 1676 2867 voluntati,
1700 2788 1866 2852 sicut
1894 2788 2202 2872 corrupti-

662 2897 791 2963 bile
814 2915 1046 2981 corpus
1072 2896 1252 2973 Adae,
1280 2896 1390 2961 sed
1409 2895 1619 2961 solum
1641 2896 1879 2961 virtute
1902 2895 1982 2979 (a)
2010 2901 2207 2961 natu·

662 3005 804 3070 rali.
833 3002 975 3069 Non
999 3004 1172 3068 enim
1202 3004 1489 3068 similiter
1513 3007 1757 3087 poterat
1787 3003 2204 3082 commoveri,

666 3113 803 3177 sive
831 3110 975 3175 laedi
1001 3111 1083 3175 ab
1109 3111 1487 3189 extrinseco,
1526 3128 1603 3176 eo
1639 3110 1812 3193 qnod
1847 3116 2113 3189 monta,
2142 3110 2209 3175 id

666 3223 766 3284 est
803 3219 1044 3301 angeli,
1093 3224 1156 3286 et
1191 3220 1504 3285 Dominus
1543 3221 1618 3285 in
1656 3219 1936 3285 circuitu
1963 3218 2101 3301 eJus
2127 3218 2209 3284 ad

668 3326 1041 3392 custodiam.
1092 3325 1235 3391 Non
1263 3326 1433 3390 enim
1474 3325 1631 3390 ordo
1671 3324 1905 3390 divinae
1946 3325 2217 3412 justitiae

668 3435 860 3499 talem
888 3433 1428 3499 deordinationem
1470 3437 1535 3497 et
1578 3433 1978 3517 punitionem
2005 3432 2074 3497 in
2100 3432 2212 3497 illo

671 3546 842 3608 statu
885 3542 1153 3608 debebat
1191 3543 1564 3623 admittere,
1613 3542 1767 3625 quia
1807 3542 1985 3606 nulla
2027 3542 2215 3624 culpa

666 3655 1079 3735 praecesserat
1108 3671 1123 3714 ε
1158 3651 1453 3733 quamvis
1475 3649 1663 3714 modo
1687 3649 2051 3732 permittat
2033 3667 2215 3714 mno-

673 3761 921 3824 centem
947 3756 1145 3823 occidi
1173 3757 1254 3821 ab
1282 3757 1504 3839 impio,
1533 3775 1611 3821 eo
1640 3757 1808 3840 quod
1840 3758 2051 3821 omnis
2090 3757 2216 3820 ho-

673 3884 805 3946 mo,
837 3866 1062 3931 merito
1089 3866 1324 3949 peccati
1353 3864 1713 3947 originalis,
1741 3868 1836 3929 est
1865 3865 2089 3929 mortis
2106 3865 2215 3930 de·

672 3974 864 4039 bitor.
894 3972 971 4038 Et
995 3976 1252 4056 propter
1270 3971 1392 4036 hoc
1419 3972 1647 4037 merito
1671 3975 1917 4054 poterat
1943 3972 2065 4037 sibi
2096 3973 2216 4037 dici

674 4099 714 4146 a
741 4081 868 4146 Deo
893 4081 1052 4146 illud
1077 4085 1147 4121 ¹·
1129 4081 1341 4147 .Veai
1365 4096 1628 4161 mecum,
1649 4084 1722 4147 ut
1732 4081 2094 4163 requiescas
2119 4095 2220 4147 se-

676 4205 869 4256 curas
894 4190 971 4255 ta
995 4187 1362 4255 Jmaealem.

762 4296 1054 4361 Secundo
1097 4296 1167 4359 in
1220 4295 1419 4359 verbo
1473 4295 1795 4379 proposito
1845 4294 2222 4360 describitur

679 4407 882 4470 status
906 4403 1006 4469 cul
1011 4421 1110 4488 pae
1137 4405 1258 4469 sub
1286 4403 1546 4469 nomine
1585 4402 1857 4485 Iericho,
1904 4403 2078 4488 quod
2120 4404 2223 4469 in-

679 4516 1065 4597 terpretatur
1100 4509 1412 4593 defectus,
1450 4527 1530 4576 eo
1558 4511 1730 4593 quod
1763 4529 2022 4594 peccare
2061 4511 2225 4575 nihil

681 4619 856 4685 aliud
882 4624 978 4685 est
1003 4638 1199 4704 quam
1224 4619 1516 4684 deficere.
1546 4617 1726 4684 Unde
1753 4618 2004 4702 primus
2027 4619 2226 4684 homo

683 4745 834 4793 cnm
885 4727 1192 4811 peccavit,
1245 4725 1407 4790 bene
1448 4725 1771 4792 descendit
1822 4726 1891 4789 in
1940 4724 2219 4804 Jerich0,

683 4836 838 4919 quia
855 4835 1099 4900 ratione
1124 4833 1225 4898 sui
1256 4833 1494 4916 peccati
1510 4833 1776 4897 incurrit
1796 4832 2105 4915 triplicem
2125 4832 2227 4896 de·

683 4943 914 5009 fectum
937 4964 954 5007 z
978 4940 1188 5025 primo
1199 4941 1513 5006 defectum
1529 4939 1927 5005 obscuritatis
1946 4943 2011 5002 et
2034 4938 2224 5021 igno-

684 5053 912 5118 rantiae
944 5050 1025 5117 ad
1062 5048 1577 5133 cognoscendum
1610 5064 1875 5125 vemm3
1920 5047 2220 5126 secunde,

688 5158 999 5224 detectum
1017 5157 1429 5242 tepiditatiset
1443 5155 1724 5239 ignaviae
1739 5153 1818 5221 ad
1831 5154 2227 5239 operandum

753 5356 770 5388 ¹
800 5357 840 5408 ΙΙ
870 5356 1011 5420 neq„
1040 5368 1164 5421 xix,
1193 5358 1359 5408 ³3.-
1390 5356 1418 5391 θ
1443 5355 1581 5420 Luc„
1607 5366 1769 5420 nur,
1795 5357 1876 5407 ³5.
1907 5381 1963 5393 -
1991 5354 2011 5386 ⁸
2039 5353 2226 5418 Gloss„

690 5441 755 5479 cx
794 5427 917 5479 Bed.
946 5429 1004 5478 tn
1037 5428 1174 5492 Luc„
1199 5428 1290 5482 lib.
1321 5429 1385 5498 V,
1413 5441 1462 5490 c.
1495 5430 1577 5491 76.
1606 5454 1669 5468 -
1706 5429 1724 5460 ⁴
1749 5429 1916 5490 laam,
1955 5438 2061 5496 nv,
2088 5429 2136 5484 6.
2165 5449 2226 5470 -ν

691 5525 714 5570 t
743 5501 805 5553 lv
838 5501 975 5573 neq„
1004 5513 1066 5569 11,
1093 5501 1172 5560 18.

1736 496 2157 564 SERMONES
2199 497 2300 565 mi:
2340 496 2736 565 TEMPORE.

2290 635 2571 714 bonnm,
2554 657 2569 673 ·
2594 636 2802 715 tertio,
2822 636 3133 702 derectum
3156 636 3509 703 timiditatis
3530 642 3594 704 et
3616 640 3843 706 incon-

2290 743 2538 808 stantiae
2548 742 2623 806 ad
2636 743 3017 825 fugiendum
3030 748 3094 809 ct
3106 745 3542 827 superandum
3560 748 3834 816 malum.

2291 851 2371 918 Et
2394 851 2533 916 haec
2551 851 2675 915 tria
2702 850 2871 916 mala
2896 856 3049 916 sunt
3068 857 3291 918 contra
3319 855 3437 918 tria
3469 854 3656 936 bona,
3684 875 3839 941 quae
3894 876 4037 932 τήμ-

2291 962 2475 1024 erant
2508 959 2578 1022 in
2608 962 2776 1023 statu
2801 960 3205 1026 innocentia.
3249 960 3328 1027 Et
3372 962 3537 1027 sicut
3572 982 3688 1047 per
3724 940 4022 1031 mam.-
3874 1001 4032 1045 m

2292 1066 2462 1131 bona
2487 1064 2901 1130 ordinabatur
2921 1071 2984 1131 et
3002 1067 3476 1133 assimilabatur
3485 1073 3833 1138 sacratissi-
3872 1074 3924 1106 ⁸⁸
3864 1076 4040 1168 ψη·

2293 1192 2419 1240 mae
2444 1173 2755 1254 Trinitati,
2788 1175 2879 1240 sic
2904 1194 3018 1259 per
3053 1177 3175 1241 ista
3209 1177 3334 1243 tria
3372 1178 3543 1243 mala
3585 1180 3837 1248 deordi-
3864 1128 4036 1243 m*

2293 1287 2487 1348 natur
2530 1287 2595 1348 ct
2646 1284 2921 1348 efficitur
2966 1285 3308 1349 dissimilis.
3359 1285 3520 1352 Nam
3560 1291 3839 1372 caecitas,

2293 1391 2429 1456 sive
2447 1391 2798 1455 obscuritas
2811 1391 3161 1471 deordinat,
3181 1393 3315 1459 sive
3334 1393 3670 1462 dissimilat
3688 1416 3843 1465 eum

2294 1517 2335 1563 a
2361 1499 2642 1563 claritate
2668 1499 2995 1582 sapientire
3031 1499 3210 1579 Filii3
3250 1501 3564 1583 tepiditas,
3593 1522 3632 1568 a
3660 1505 3842 1572 beni-

2296 1608 2538 1690 gnitate
2564 1606 2915 1672 clementiae
2939 1605 3215 1690 Spiritus
3242 1609 3443 1674 sancti
3467 1630 3484 1689 ;
3511 1612 3843 1693 timiditas,

2297 1714 2381 1778 ab
2406 1713 2851 1780 immobilitate
2869 1720 2935 1780 et
2953 1717 3291 1783 stabilitate
3311 1721 3610 1802 potentiae
3638 1721 3849 1788 Patris

2298 1820 2547 1886 aeterni.

2379 1926 2597 1993 Primo
2622 1927 2857 1993 dicitur
2899 1929 3095 1995 homo
3133 1930 3528 1999 descendisse
3564 1934 3632 2000 in
3677 1935 3848 2002 Ieri-

2302 2034 2456 2113 cho,
2496 2052 2646 2099 cum
2696 2035 3015 2118 peccavit,
3062 2035 3217 2119 quia
3253 2039 3526 2104 incurrit
3561 2041 3848 2108 defectus

2303 2140 2599 2205 wcitatis
2640 2144 2705 2203 et
2760 2139 3139 2222 ignorantiae
3190 2145 3273 2209 ad
3325 2149 3849 2229 cognoscendum

2303 2264 2556 2312 verum.
2612 2245 2789 2312 Unde
2814 2249 2884 2311 ¹:
2921 2248 3077 2315 Cum
3120 2256 3705 2338 appropinquasset
3741 2260 3850 2325 Je-

2304 2356 2501 2436 neno,
2519 2371 2720 2422 coecus
2741 2355 2999 2425 sedebat
3014 2374 3195 2425 accus
3218 2363 3418 2440 viam,
3443 2364 3845 2434 mdicans.

2309 2460 2529 2528 Glossa
2553 2462 2577 2499 ⁸
2610 2486 2625 2528 ε
2654 2485 2686 2524 α
2730 2462 2946 2530 Caecus
2972 2466 3190 2548 signat
3216 2468 3581 2536 humanum
3612 2491 3844 2556 genus,

2307 2570 2479 2654 quod
2504 2589 2543 2635 a
2569 2571 2848 2636 fraterna
2874 2571 3158 2639 claritate
3179 2577 3511 2643 exclusum
3542 2579 3650 2663 (b),
3677 2581 3852 2646 dam-

2308 2677 2587 2741 nationis
2614 2695 2753 2743 suae
2777 2678 3017 2760 patitur
3042 2682 3368 2763 tenebras;
3388 2685 3497 2751 sed
3517 2705 3559 2751 a
3583 2686 3849 2753 Domino

2311 2785 2861 2869 appropinquante
2884 2785 3135 2853 Iericho
3164 2795 3448 2874 sanatur,
3474 2796 3546 2872 (c)
3569 2795 3725 2860 dum
3753 2794 3851 2860 in·

2313 2893 2687 2958 firmitatem
2713 2897 2778 2958 et
2792 2893 3106 2961 defectum
3128 2903 3364 2965 nostrae
3384 2903 3674 2967 carniset
3690 2921 3855 2969 mor-

2314 2999 2573 3065 talitatis
2604 3001 2914 3085 suscepit,
2962 3021 3171 3069 caecus
3211 3006 3291 3071 ad
3335 3010 3852 3090 cognoscendum

2316 3108 2534 3173 divina
2559 3108 2750 3187 redit;
2795 3110 2904 3175 sed
2933 3114 3129 3194 juxta
3168 3113 3381 3195 viam,
3430 3116 3588 3184 dum
3636 3117 3859 3202 incipit

2316 3216 2615 3281 credere
2597 3234 2667 3280 m
2697 3216 3058 3300 Christum,
3098 3221 3213 3303 qui
3253 3222 3408 3286 dicit
3439 3223 3512 3260 ⁸·
3496 3225 3687 3308 .Epo
3715 3242 3857 3293 sum

2317 3326 2454 3402 via,
2489 3325 2731 3390 veritas
2763 3331 2827 3392 et
2859 3326 3018 3393 vita.
3049 3326 3401 3406 Mendicat,
3443 3331 3600 3396 dum
3632 3340 3851 3416 rogat;

2319 3432 2384 3493 et
2409 3427 2660 3507 clamat,
2699 3428 2859 3493 dum
2888 3428 3111 3495 lumen
3163 3437 3445 3498 meretur
3485 3437 3791 3520 accipere.
3822 3459 3854 3499 s

2400 3533 2690 3599 Secundo
2716 3534 2951 3600 dicitur
2985 3537 3184 3604 homo
3223 3539 3613 3608 moiseo
3649 3545 3719 3608 in
3754 3544 3855 3611 Je-

2321 3641 2524 3721 richo,
2555 3659 2703 3706 cum
2728 3645 3035 3725 peccavit,
3067 3647 3220 3728 quia
3254 3648 3522 3713 incurrit
3545 3650 3859 3718 defecmm

2322 3750 2663 3833 tepiditatis
2687 3755 2753 3815 et
2779 3751 3062 3832 ignaviae
3080 3754 3160 3818 ad
3177 3757 3573 3838 operandum
3593 3759 3860 3828 bonum.

2326 3858 2505 3925 Unde
2550 3860 2625 3924 in
2671 3860 2890 3942 figura
2936 3862 3217 3927 dicitur⁸
3246 3882 3264 3928 ε
3297 3867 3380 3932 At
3430 3865 3571 3948 ille,
3629 3870 3867 3935 scilicet

2327 3967 2626 4047 Elisoens,
2680 3968 3012 4036 habitabat
3062 3972 3139 4037 ia
3190 3973 3437 4041 Iericho
3487 3999 3503 4040 ι
3553 3975 3868 4046 monent

2328 4090 2473 4157 erqo
2517 4076 2655 4141 viri
2698 4076 2993 4144 civitatis
3022 4077 3113 4144 ad
3136 4079 3445 4147 Emoeum
3469 4101 3495 4148 .·
3530 4085 3867 4155 Haottaao

2329 4184 2621 4250 civitatis
2647 4186 2895 4266 optima
2922 4190 3036 4265 est,
3075 4187 3240 4251 sicut
3268 4192 3344 4253 tu
3380 4189 3516 4273 ipse
3532 4239 3553 4271 ,
3578 4191 3866 4275 Domine,

2330 4290 2631 4373 perspicis
2686 4290 2798 4374 (d);
2854 4292 2971 4360 sed
3018 4309 3206 4377 aquoe
3251 4298 3549 4379 pastmoe
3591 4307 3777 4382 mut,
3812 4309 3871 4370 ct

2332 4403 2502 4466 terra
2530 4397 2795 4465 sterilis.
2830 4398 2936 4465 Sic
2968 4401 3036 4485 (e)
3066 4402 3170 4467 isti
3198 4403 3582 4473 habitatores
3597 4407 3868 4488 Iericho,

2332 4506 2480 4571 licet
2521 4511 2808 4573 carerent
2847 4527 3019 4593 aqua
3062 4510 3232 4577 dulci
3267 4513 3348 4578 ad
3389 4514 3745 4583 bibendum
3763 4567 3785 4599 ,
3813 4523 3876 4586 et

2332 4617 2503 4680 terra
2544 4613 2713 4679 bona
2758 4614 2840 4681 ad
2881 4634 3114 4700 panem
3159 4620 3681 4706 producendum,
3727 4644 3873 4710 quai

2336 4720 2615 4784 maxime
2660 4725 2809 4786 sunt
2852 4725 3205 4791 necessaria
3251 4726 3627 4796 habitationi
3667 4732 3872 4798 homi·

2334 4843 2531 4905 num3
2565 4831 2779 4894 tamen
2815 4831 3224 4898 aestimabant
3262 4834 3717 4904 habitationem
3746 4844 3873 4906 tam

2335 4932 2783 5015 defectuosum,
2811 4937 3121 5018 optimam
3154 4961 3173 5004 τ
3204 4943 3295 5006 sic
3323 4949 3684 5026 peccatores
3712 4949 3868 5013 exis-

2334 5045 2538 5107 tentes
2566 5040 2635 5105 in
2664 5040 2940 5124 Jericho,
2971 5044 3036 5109 id
3064 5052 3183 5128 cst,
3230 5049 3301 5115 in
3341 5051 3590 5119 detecta
3612 5057 3869 5139 pcccati,

2335 5149 2480 5214 licet
2508 5149 2786 5214 habeant
2811 5155 3146 5234 penuriam
3175 5177 3363 5241 aquo
3403 5162 3735 5244 sapientia
3771 5183 3867 5229 sa·

2400 5275 2527 5338 (a)v
2497 5274 2687 5327 virtuti.
2702 5301 2766 5316 -
2786 5276 2857 5343 (ὁ)
2880 5279 3026 5344 Apud
3045 5281 3164 5332 Bed-
3190 5283 3245 5334 in
3264 5290 3474 5349 parente
3496 5287 3665 5351 primo
3681 5301 3712 5339 a
3734 5301 3871 5373 para-

2336 5347 2434 5399 disi
2465 5346 2637 5412 gaudii
2678 5350 2980 5413 expulsum,
3013 5351 3293 5406 claritatem
3319 5370 3559 5421 superno
3584 5360 3712 5411 lucis
3735 5360 3870 5426 igno-

2336 5433 2474 5472 rans.
2502 5443 2564 5455 -—
2599 5421 2660 5486 (c)
2712 5419 2894 5484 Suppt.
2929 5423 3158 5488 quia.—
3092 5427 3267 5496 -ffl
3312 5429 3440 5486 cot.
3477 5431 3599 5486 edit.
3638 5433 3870 5484 nemim

2333 5489 2684 5564 prospicua·
2716 5490 2780 5556 (ε)
2807 5491 2924 5559 Leo.
2948 5493 3111 5548 Sicut·
