4059 6317
937 550 1314 619 DOMINmA
1351 552 1433 620 IN
1474 551 2154 633 QUINQUAGESMA.
2192 553 2456 621 SERMO
2497 554 2606 620 111.

221 687 349 753 licet
391 687 586 752 εει-τιὴ
620 686 952 770 voluptate
975 734 998 767 ,
1039 687 1360 770 superbia
1409 687 1714 768 vanitate,

221 812 416 859 rerum
439 794 789 877 cupiditate,
829 793 1063 859 mentis
1089 793 1480 860 infidelitate.

289 901 369 966 De
396 901 622 984 primo¹
643 922 664 964 t
703 902 897 982 «Eos,
925 904 1040 986 qui
1062 909 1244 969 erant
1265 904 1438 983 foris,
1469 920 1723 987 percus-

219 1015 422 1075 serunt
442 1010 732 1075 caecitate.
756 1031 790 1070 n
825 1009 989 1076 Nota
1005 1011 1356 1078 historiam.
1389 1011 1503 1078 llla
1526 1013 1722 1078 Sodo-

214 1118 490 1182 mitarum
513 1117 754 1183 cacitas
779 1120 1059 1183 exterior
1076 1119 1446 1184 interiorem
1473 1117 1725 1201 signifi·

214 1229 320 1291 cst.
341 1224 739 1290 Excaecantur
761 1226 941 1290 enim
966 1226 1038 1290 in
1063 1225 1401 1292 animabus
1426 1227 1563 1291 suis
1586 1244 1725 1291 om-

217 1351 314 1397 nes
336 1332 672 1411 luxuriosi;
700 1332 1124 1417 Gregorius¹z
1164 1357 1196 1396 α
1211 1334 1426 1399 Carnis
1445 1334 1722 1400 delecta-

215 1441 295 1505 fio
322 1444 608 1518 merrtem,
631 1458 834 1523 qnam
860 1440 1086 1518 inficit,
1130 1441 1427 1507 obscurat
1444 1489 1462 1521 ,
1490 1459 1574 1506 ne
1616 1442 1722 1507 vi-

218 1547 349 1612 dere
367 1547 776 1612 indeluminis
788 1548 1138 1616 claritatem
1157 1549 1394 1628 valeat3
1418 1549 1529 1614 sed
1550 1549 1724 1614 unde

219 1652 455 1719 inferius
465 1654 825 1734 delectauit,
839 1656 990 1722 inde
997 1656 1344 1738 caliginem
1355 1657 1435 1722 ad
1448 1674 1725 1740 superna

219 1762 530 1843 patiatur.»
577 1762 748 1827 Bene
802 1767 1023 1829 autem
1059 1764 1321 1843 dicimr,
1369 1766 1487 1847 qui
1538 1771 1724 1833 erant

219 1871 384 1949 foria
404 1875 463 1934 et
484 1888 617 1935 non
637 1870 989 1937 intuscum
1013 1871 1175 1938 Loth
1201 1876 1266 1938 et
1283 1872 1551 1955 angelis,
1573 1874 1726 1956 quia

220 1977 498 2046 luxuriosi
549 1982 736 2044 exn-a
782 1980 1178 2046 consortium
1221 1980 1605 2063 angolorum
1659 1985 1723 2047 et

221 2089 549 2150 sauctorum
576 2090 888 2170 perpetuo
912 2091 1101 2152 erunt
1114 2136 1137 2167 ,
1164 2087 1301 2167 uhi,
1333 2091 1588 2170 propter
1612 2106 1724 2152 ar-

219 2192 410 2257 dorem
433 2197 494 2258 et
517 2194 810 2259 foetorem
837 2194 1136 2275 luxuriae,
1154 2195 1311 2278 igne
1327 2197 1394 2260 et
1415 2196 1725 2280 sulphure

223 2301 530 2382 punientm
547 2302 957 2383 aeternaliter,
970 2303 1130 2368 sicut
1145 2304 1250 2367 isti
1266 2304 1721 2386 temporaliter.

225 2405 548 2473 Psalmista⁸
570 2431 587 2473 :
624 2432 658 2471 ι
678 2408 881 2492 lgniS,
905 2410 1202 2493 sulphur,
1223 2414 1289 2475 et
1307 2411 1569 2493 spiritus
1587 2429 1726 2495 pro·

223 2514 515 2596 mllamm,
557 2536 711 2600 pars
753 2516 965 2582 calicis
1004 2535 1298 2583 eorum.»
1355 2517 1584 2598 Foris,
1621 2521 1721 2584 in-

223 2641 421 2705 quam,
446 2631 628 2693 erant
669 2627 790 2710 (a),
820 2626 983 2691 etc.⁴
1017 2625 1247 2691 «Foris
1290 2644 1554 2707 canes,»
1599 2631 1718 2694 etc.

226 2726 358 2804 Quid
379 2731 543 2796 enim
571 2750 763 2798 canes
796 2733 1071 2796 facerent
1096 2731 1261 2796 inter
1295 2732 1602 2813 angelos?

289 2832 360 2899 De
385 2838 735 2904 secundet:
776 2838 990 2903 «Dicis
1020 2860 1035 2902 :
1077 2838 1239 2917 Quia
1262 2840 1441 2905 dives
1471 2859 1619 2906 sum
1657 2846 1722 2907 et

229 2938 500 3025 locuples,
527 2949 593 3009 et
617 2945 863 3011 nullius
894 2963 1125 3028 egeo.»
1157 2945 1316 3012 Ecce
1340 2964 1584 3029 magna
1609 2966 1718 3014 su-

224 3050 423 3130 perbia,
444 3054 612 3135 quod
630 3054 830 3118 homo
855 3053 946 3117 ita
963 3071 1280 3134 magnum
1308 3054 1386 3118 de
1410 3073 1478 3120 se
1502 3058 1719 3134 sentit,

224 3158 364 3238 quod
394 3159 629 3225 nullius
673 3164 884 3242 egeat.
916 3159 1181 3244 Propter
1226 3162 1349 3227 hoc
1385 3164 1717 3245 sequitur:

227 3262 331 3328 «Et
348 3267 536 3331 nesc'ss
556 3268 711 3350 quia
728 3271 802 3332 tu
827 3285 900 3333 es
925 3268 1120 3333 miser
1145 3270 1213 3333 et
1239 3269 1634 3350 miserabilia,
1656 3275 1724 3336 et

220 3388 442 3454 paupoe,
473 3378 534 3440 et
555 3392 789 3440 caeeus.
811 3396 842 3435 n
877 3373 1133 3440 Gaecitas
1159 3379 1375 3441 autem
1402 3379 1722 3462 superbiae

219 3480 400 3545 evenit
411 3481 488 3546 de
501 3482 852 3548 inflatione.
869 3482 1280 3564 Augustinus
1296 3485 1320 3519 ⁶
1343 3506 1358 3547 ε
1398 3508 1430 3547 α
1444 3484 1722 3552 Tumore

220 3602 340 3650 meo
361 3590 690 3671 separabar
712 3591 829 3655 ahs
856 3594 918 3655 te
932 3637 949 3670 ,
978 3594 1044 3655 et
1069 3589 1262 3654 nimis
1289 3591 1510 3657 inflata
1532 3594 1722 3659 facies

217 3690 510 3760 claudebat
550 3696 772 3762 oculos
796 3714 996 3761 meos.
1018 3717 1050 3756 n
1082 3696 1342 3763 Caecitas
1374 3700 1723 3768 inflationis

217 3802 463 3868 maxime
490 3805 557 3869 in
583 3806 951 3886 potentibus
975 3808 1043 3869 et
1066 3807 1443 3887 rectoribus3
1480 3810 1591 3874 sed
1617 3829 1722 3877 vae

218 3910 412 3976 ovibus
448 3913 832 3979 habentibus
870 3931 1114 3979 cascum
1158 3919 1476 3998 pastorem
1497 3965 1515 3995 ,
1567 3920 1721 4002 quia

219 4033 400 4083 curam
424 4021 742 4101 befflisstd
772 4024 870 4086 est
895 4020 1320 4103 daemonibus,
1350 4024 1488 4090 sine
1512 4026 1722 4092 defen-

218 4122 608 4194 sionesunv:
647 4127 928 4195 «Omnes
951 4128 1171 4193 bestiae
1193 4130 1368 4211 agri,
1399 4133 1610 4197 venite
1638 4134 1721 4198 ad

217 4228 650 4314 devorandum,
701 4234 1026 4301 universae
1054 4235 1274 4301 bestiae
1309 4237 1529 4303 saltus.
1560 4239 1716 4324 Spe-

219 4338 489 4406 culatores
503 4344 648 4424 ejus
663 4342 816 4407 caeci
839 4359 1084 4407 omnes.
1099 4362 1131 4402 n
1150 4342 1376 4409 Bestiae
1397 4346 1721 4413 daemones

220 4449 360 4510 sunt.
389 4446 787 4514 Psalmista⁸z
828 4447 970 4515 «Ne
1003 4450 1218 4515 tradas
1258 4451 1493 4534 hestiis,
1516 4474 1548 4514 n
1594 4459 1714 4520 etc.

219 4549 419 4622 Βοκίας
441 4557 590 4639 aori
617 4558 801 4636 sunt,
830 4555 946 4638 qui
982 4556 1371 4640 impugnant
1397 4560 1715 4628 actiones:

221 4654 639 4740 teffioesaltus,
668 4661 783 4745 qui
809 4663 1393 4748 contemplationes,
1423 4671 1486 4733 et
1512 4669 1720 4736 solita-

217 4764 342 4829 rios.
367 4766 474 4834 Vel
510 4770 730 4839 bestia
776 4772 926 4853 auri
967 4774 1151 4851 sunt,
1192 4773 1307 4855 qui
1348 4775 1714 4858 saeculares3

223 4868 398 4943 tatioe
448 4877 656 4946 salim
675 4925 696 4956 ,
747 4878 864 4961 qui
915 4877 1248 4959 religiosos
1293 4879 1715 4966 impugnant3

221 4979 554 5066 „Numqui
594 4983 832 5049 saltum
865 4984 948 5049 de
973 4984 1214 5050 mundo
1240 4986 1560 5071 iecerunt,
1589 4995 1712 5057 etc.

284 5086 361 5154 De
395 5093 660 5158 tertio⁹2
702 5089 896 5157 «Non
924 5090 1192 5175 accipias
1236 5111 1534 5179 munera,
1571 5117 1719 5183 quae

222 5192 382 5262 etiam
427 5202 747 5266 excaecant
798 5197 1176 5281 prudentes,
1228 5204 1293 5265 et
1344 5203 1721 5270 subvertunt

273 5391 292 5426 ¹
323 5392 453 5457 Gen„
492 5405 617 5458 m,
653 5400 733 5448 11.
775 5420 838 5433 —-
877 5394 901 5430 ¹
935 5393 1093 5460 Greg.
1127 5420 1188 5435 —
1226 5395 1250 5431 ⁸
1289 5397 1429 5450 Psal.
1469 5409 1532 5464 x,
1569 5404 1618 5451 7.
1657 5428 1719 5442 —

227 5460 246 5496 δ
265 5462 415 5529 Aput„
438 5477 574 5530 xxu,
608 5469 685 5517 15.
717 5491 774 5502 ···
803 5465 828 5501 ⁸
847 5464 1021 5528 Apoe„
1051 5475 1140 5528 111,
1170 5468 1245 5519 17·
1272 5492 1337 5506 -
1364 5471 1385 5499 ⁸
1415 5470 1623 5534 Αῑῐὸῑὶδῑ·
1658 5497 1720 5510 ···

232 5529 375 5595 ²1⁸0„
407 5548 518 5603 m,
549 5540 682 5591 2-10.
712 5563 769 5575 —-
816 5536 837 5567 ⁸
878 5533 1018 5587 Psal-
1055 5546 1254 5603 unu,
1285 5541 1362 5591 19.
1390 5565 1451 5580 —
1485 5540 1511 5576 ⁹
1533 5542 1720 5608 hod„

3243 559 3362 624 1:35

1824 688 2025 754 verba
2047 690 2389 772 iustorum.
2408 711 2441 749 ι
2481 690 2759 756 caveant
2774 690 2899 755 sibi
2926 692 3209 758 maxime
3241 692 3361 775 Ju-

1824 795 1995 860 dices
2033 795 2113 871 de
2152 796 2274 861 ista
2295 798 2592 863 caecitate.
2635 803 2684 840 ¹⁰
2719 820 2750 860 α
2765 798 2966 865 Xenia
2989 802 3071 881 (b)
3094 805 3159 866 et
3194 800 3363 866 dona

1825 909 2143 968 excaecant
2201 903 2417 970 oculos
2462 906 2780 987 judicum,
2798 928 2829 967 n
2888 911 2953 972 et
3001 908 3145 973 ideo
3195 907 3361 974 flunt

1827 1011 1977 1075 caeci
1996 1029 2015 1076 ε
2045 1011 2265 1095 culpas
2278 1031 2636 1098 pauperum
2663 1014 2943 1079 districte
2962 1016 3358 1094 examinant,

1826 1118 2099 1184 divitum
2138 1123 2353 1184 autem
2392 1120 2837 1202 dissimulant,
2878 1125 3205 1206 parcentes
3254 1139 3359 1186 ca-

1827 1225 2019 1303 melo,
2041 1230 2104 1291 et
2120 1244 2251 1291 non
2276 1226 2791 1294 culici.¹¹«Duces
2815 1228 2991 1309 caeci,
3006 1229 3364 1294 excolantes

1827 1332 2094 1397 culicem
2116 1381 2134 1413 ,
2180 1334 2499 1399 camelum
2543 1338 2760 1400 autem
2796 1336 3156 1417 glutientes.
3173 1357 3205 1396 n
3247 1334 3363 1400 Vel

1827 1439 2043 1505 aliter:
2077 1439 2399 1510 camelum
2427 1443 2733 1524 glutiunt,
2750 1443 3208 1508 dissimulando
3233 1461 3363 1507 ma-

1820 1550 1993 1630 jora3
2042 1548 2308 1613 culicem
2332 1550 2602 1628 colant,
2640 1551 3051 1633 ponderando
3084 1551 3357 1616 minora.

1829 1652 2034 1718 Pensa
2045 1671 2240 1737 quam
2254 1654 2630 1720 damnabilis
2648 1656 2731 1720 sit
2747 1656 3019 1722 avaritia
3033 1657 3102 1721 in
3121 1655 3363 1739 judicio

1828 1761 2092 1844 injusto,
2123 1779 2270 1826 cum
2297 1762 2675 1828 detestabilis
2700 1764 2784 1828 sit
2805 1764 3137 1847 injudicio
3158 1766 3359 1847 justo.

1831 1867 2107 1935 Isidorus
2128 1870 2215 1934 ¹³:
2264 1893 2296 1932 α
2315 1868 2438 1946 Qui
2482 1874 2652 1934 recte
2671 1870 2950 1952 judicat,
2989 1876 3053 1936 et
3086 1870 3365 1954 pretium

1827 1977 2361 2041 remunerationis
2385 1980 2693 2060 expectat,
2724 1977 3013 2042 fraudem
3041 1979 3181 2042 ideo
3202 1996 3358 2062 pro-

1829 2089 2030 2163 curat,
2063 2084 2215 2166 quia
2234 2085 2575 2167 Justitiam,
2605 2101 2799 2166 quam
2826 2085 3024 2165 gratis
3050 2085 3367 2168 impertiri

1825 2192 2070 2270 debuit,
2098 2193 2461 2276 acceptione
2495 2192 2781 2275 pecuniae
2810 2193 3047 2258 vendit.
3062 2214 3095 2252 ο
3132 2193 3207 2257 ln
3230 2194 3362 2277 pri-

1829 2299 1953 2363 mis
1991 2300 2243 2366 duabus
2279 2301 2756 2367 auctoritatibus
2794 2300 3021 2369 Exodi
3052 2306 3117 2366 et
3149 2302 3360 2370 Eccle-

1829 2408 2110 2488 siastici,
2138 2408 2511 2489 ostenditur,
2543 2408 2714 2492 quod
2733 2408 2979 2491 judices
3004 2409 3197 2474 etiam
3214 2428 3366 2494 pru-

1828 2515 2049 2580 dentes
2070 2564 2089 2595 ‚
2120 2519 2185 2580 et
2222 2515 2383 2597 justi
2407 2516 2599 2580 etiam
2632 2516 2903 2582 avaritia
2937 2521 3362 2582 excaecantur.

1829 2621 2133 2689 Timenda
2156 2641 2316 2706 ergo
2341 2624 2630 2703 avaritia,
2659 2641 2773 2708 per
2795 2641 2996 2708 quam
3015 2624 3366 2708 corrumpi-

1827 2734 1937 2795 tur
1963 2735 2260 2813 potestas,
2277 2748 2428 2814 quae
2448 2731 2519 2794 in
2535 2730 2893 2813 judicibus;
2925 2730 3182 2810 veritaS,
3211 2749 3362 2815 quae

1829 2839 1900 2903 in
1939 2836 2393 2920 prudentibus3
2425 2836 2712 2915 bonitas,
2746 2853 2898 2920 qua
2924 2836 2993 2902 in
3020 2837 3219 2919 justis
3258 2839 3360 2903 in-

1828 2946 2172 3028 telligitur.

1908 3054 1996 3118 De
2021 3056 2249 3137 quarto
2266 3055 2314 3092 ¹⁸
2340 3074 2357 3119 t
2391 3052 2983 3135 «Caecitasexparte
2996 3052 3271 3135 contigit
3291 3055 3365 3138 (c)

1827 3161 1897 3227 in
1916 3161 2131 3227 lsrael.
2144 3181 2176 3221 n
2202 3160 2360 3227 Ecce
2381 3164 2691 3244 quantum
2706 3161 3046 3241 regratiari
3064 3159 3369 3228 debemus

1831 3269 1979 3350 Det),
2009 3269 2184 3352 quod
2213 3269 2454 3347 amicis,
2483 3268 2550 3333 id
2577 3273 2673 3332 est
2700 3267 2935 3350 israeli,
2967 3270 3109 3334 erui
3138 3271 3369 3353 permi-

1830 3377 1914 3441 sit
1940 3376 2176 3456 oculos,
2208 3380 2280 3441 ut
2304 3376 2590 3454 inimici,
2619 3376 2682 3440 id
2711 3379 2810 3440 est
2832 3378 3059 3458 gentes
3075 3424 3098 3455 ,
3124 3375 3364 3441 illumi·

1829 3488 2162 3549 narentur.
2218 3483 2386 3549 Bene
2435 3483 2575 3548 dico
2626 3484 2799 3567 quod
2849 3484 3179 3566 permisit:
3231 3503 3363 3550 non

1829 3592 2003 3656 enim
2029 3591 2246 3657 oculos
2275 3590 2630 3657 infidelium
2660 3591 2828 3655 eruit
2855 3590 3022 3656 Deus
3043 3640 3064 3670 ,
3091 3592 3202 3656 sed
3226 3591 3365 3657 dia-

1830 3699 2035 3765 bolus.
2055 3699 2101 3742 ¹¹·
2123 3697 2334 3763 «Deus
2356 3699 2556 3782 hujus
2581 3700 2797 3764 saectifi
2823 3698 3167 3764 excaecavit
3184 3717 3364 3764 men-

1829 3811 1923 3871 tes
1961 3806 2339 3872 infldelium.
2358 3828 2389 3867 n
2421 3805 2689 3872 Oculum
2716 3810 2933 3871 autem
2958 3805 3260 3871 dextrum
3288 3806 3366 3871 li-

1829 3916 2195 3981 bentissime
2232 3919 2510 3980 excaecat
2553 3914 2875 3993 diabolus,
2918 3913 2984 3978 id
3009 3917 3132 3990 est,
3173 3914 3367 3979 fldem

1828 4022 2176 4089 divinitatis
2224 4021 2455 4086 Christi
2486 4043 2501 4087 ε
2547 4039 2702 4086 nam
2752 4019 2911 4086 fides
2948 4019 3367 4086 humanitatis

1829 4134 1924 4195 est
1945 4129 2199 4194 sinister
2224 4128 2471 4194 oculus.
2490 4127 2670 4194 Unde
2687 4128 2837 4193 dicit
2853 4126 3018 4194 Naas
3040 4125 3367 4193 Ammoni-

1830 4242 1923 4302 tes
1953 4238 2033 4302 ¹⁸:
2068 4236 2185 4301 «ln
2229 4236 2597 4301 hecteriam
2637 4236 2972 4302 vobiscum
3009 4235 3247 4309 foedus‚
3292 4239 3364 4300 ut

1827 4361 2054 4409 eruam
2089 4343 2382 4409 omnium
2418 4346 2709 4408 vestrum
2746 4340 2964 4407 oculos
2996 4341 3354 4406 dexteros.»

1829 4449 1996 4516 Naas
2061 4450 2388 4517 diabolum
2449 4448 2771 4532 signifieat
2809 4470 2827 4514 z
2914 4449 3365 4532 interpretatur

1827 4559 2002 4624 enim
2025 4574 2307 4642 servm.
2331 4559 2377 4594 ²⁸
2411 4580 2443 4619 α
2465 4555 2738 4640 Serpens
2763 4555 3028 4639 decepit.
3048 4577 3080 4615 s

1906 4668 1988 4734 Et
2010 4669 2177 4733 hanc
2203 4666 2683 4750 quadruplicem
2720 4664 3063 4730 caecitatem
3088 4667 3365 4747 quatuor

1829 4793 2139 4859 personae,
2169 4791 2329 4859 quas
2354 4775 2699 4838 excaecatas
2724 4772 3024 4854 legimus,
3052 4772 3359 4853 figurant,

1830 4883 2125 4950 videlicet
2161 4881 2466 4956 Samson,
2510 4877 2882 4958 Sedeehias,
2914 4876 3169 4957 Tobias,
3212 4875 3363 4961 Ely-

1830 5008 1972 5055 mas
1997 5007 2257 5071 magus.
2286 4987 2546 5053 Caecitas
2564 5003 2725 5068 ergo
2745 4983 3262 5068 concupiscentie
3278 4983 3366 5048 si-

1834 5097 2177 5181 gnificatur
2216 5098 2288 5161 in
2317 5095 2622 5161 Samsone
2635 5143 2654 5175 ,
2681 5094 2797 5178 qui
2822 5111 2936 5178 per
2964 5091 3363 5157 meretricem
3470 5083 3473 5084 f

1831 5250 1992 5304 xxm,
2020 5241 2070 5290 8.
2100 5263 2159 5275 -
2186 5239 2229 5274 ²⁰
2254 5238 2434 5301 Eucti„
2463 5250 2561 5302 xx,
2590 5240 2668 5289 31.
2696 5263 2759 5275 —
2790 5237 2825 5272 ²¹
2856 5234 3061 5293 nauh„
3088 5246 3253 5299 xxm,
3279 5237 3360 5287 24.

1831 5335 1892 5350 -—
1927 5312 1967 5347 1²
1995 5310 2115 5361 lsid.
2152 5336 2207 5346 —
2245 5310 2287 5347 ²³
2312 5311 2470 5372 Rom„
2497 5321 2586 5372 xi,
2616 5311 2694 5360 2⁸.
2724 5334 2786 5347 -
2814 5308 2859 5345 1⁸
2887 5308 2927 5357 ll
2958 5307 3097 5362 Gor..
3125 5317 3199 5371 lv,
3227 5308 3275 5360 ι.
3303 5332 3364 5344 —-

1833 5384 1876 5419 ¹⁸
1903 5384 1921 5433 l
1953 5382 2093 5447 Rem,
2121 5393 2196 5446 xl,
2221 5383 2269 5433 2.
2296 5404 2360 5420 -—·
2388 5381 2427 5415 ¹⁸
2454 5380 2599 5445 Gen„
2628 5393 2708 5443 111,
2742 5384 2818 5432 13.

1834 5472 1966 5594 com·
1999 5471 2128 5595 cete-t.
2168 5471 2288 5524 edit.
2309 5474 2473 5523 erunt.
2497 5491 2559 5514 ·-
2586 5469 2653 5535 (ὀ)
2685 5470 2807 5520 Item
2835 5467 3142 5524 enxenia—
3161 5468 3223 5534 (c)
3244 5468 3366 5524 Item
