4059 6317
804 478 1179 549 DOMINICA
1216 476 1303 543 111
1345 475 1545 545 POST
1585 474 2109 544 EPIPHANIAM.
2153 476 2415 544 SERMO
2455 476 2565 544 111.
3187 484 3266 546 97

118 627 178 690 ut
209 623 292 688 sic
326 620 544 688 anima
596 616 967 685 deordinata
1011 617 1074 681 et
1121 631 1346 680 aversa
1369 630 1409 676 a
1436 612 1624 679 Patre

119 750 209 817 pm·
232 736 545 796 tumorem
570 725 910 809 superbiat,
937 742 977 788 a
1010 721 1169 787 Filio
1193 738 1309 805 per
1334 720 1625 784 foetorem

119 839 379 918 Imm-ize,
409 855 449 901 a
474 834 720 920 Spiritu
756 835 975 897 sancto
1013 847 1130 913 per
1156 828 1447 893 ardorem
1468 842 1621 892 ava-

121 947 252 1011 ritiae
270 993 292 1025 ,
343 943 676 1010 ordinetur
726 938 809 1004 ad
860 937 1116 1004 Patrem
1166 953 1280 1019 per
1328 934 1626 999 timorem

121 1053 299 1117 filialis
337 1048 716 1117 reverentias
735 1094 755 1127 ,
785 1046 863 1110 ad
897 1045 1106 1110 fllium
1140 1061 1255 1127 per
1286 1028 1627 1107 candorem

121 1161 229 1226 sive
250 1161 505 1226 odorem
531 1155 834 1223 castitatis
859 1157 926 1218 et
945 1150 1349 1230 innocentiae,
1380 1150 1461 1214 ad
1489 1148 1627 1232 Spi-

120 1269 288 1332 ritum
321 1269 613 1331 sanctum
646 1281 761 1347 per
797 1260 1121 1327 dulcorem
1149 1255 1497 1342 spiritualis
1521 1257 1629 1320 lae-

121 1376 271 1440 titiae.
324 1373 540 1439 Primo
602 1389 766 1453 ergo
819 1367 1248 1433 emundamur
1297 1382 1336 1429 a
1375 1368 1628 1428 tumore

122 1481 403 1565 mperbiae
443 1498 561 1563 per
606 1480 904 1543 timorem
952 1473 1164 1538 filialis
1214 1470 1624 1550 reverentiae3

122 1588 304 1653 unde²
334 1610 350 1652 :
379 1610 410 1649 ι
441 1586 827 1652 Mundemus
864 1601 984 1648 nos
1009 1582 1090 1647 ab
1123 1579 1302 1645 omni
1341 1578 1630 1661 inquina-

125 1698 311 1759 mento
333 1694 540 1759 carnis
572 1697 640 1758 et
663 1691 945 1777 spiritus,
978 1689 1374 1773 perficientes
1397 1685 1631 1751 sancti-

125 1802 447 1866 ficationem
488 1801 557 1864 in
589 1801 823 1864 timore
873 1795 1148 1862 Domini.
1184 1817 1215 1855 α
1241 1793 1418 1859 Sicut
1446 1792 1633 1857 foetor

130 1909 370 1973 luxuriae
418 1912 514 1973 est
554 1907 1122 1990 inquinamentum
1177 1900 1459 1985 corporis
1475 1948 1494 1979 ‚
1543 1899 1631 1963 sic

131 2019 317 2080 tumor
354 2015 668 2099 superbiae
714 2017 814 2078 est
850 2011 1405 2093 inquinamentum
1441 2006 1632 2089 spiri-

134 2126 236 2187 tus.
283 2122 448 2189 Unde
486 2123 773 2207 primum
799 2120 1030 2184 dicitur
1053 2120 1383 2201 peccatum
1410 2132 1631 2197 corpo-

135 2230 266 2308 rale,
291 2229 631 2295 secundum
657 2231 995 2312 peccatum
1006 2223 1334 2308 spirituale
1363 2227 1465 2287 :et
1483 2221 1637 2305 quia

137 2355 242 2401 uon
284 2336 472 2419 placet
509 2335 640 2400 Deo
670 2334 785 2417 qui
813 2331 1115 2398 emundet
1156 2347 1388 2413 corpus
1419 2330 1500 2394 ab
1535 2329 1635 2393 in-

13 2519 14 2524 ,
141 2444 510 2525 quinamento
557 2441 843 2508 luxuriae
883 2458 998 2524 per
1026 2455 1310 2503 amorem
1338 2435 1637 2501 castitatis

143 2551 535 2630 etmunditiae,
562 2550 688 2614 nisi
705 2547 970 2614 mundet
997 2546 1293 2629 spiritum
1322 2544 1403 2608 ab
1432 2543 1640 2626 inqui-

143 2663 401 2725 umento
426 2657 748 2743 superbiae
775 2675 892 2740 per
915 2656 1211 2720 timorem
1228 2652 1440 2718 filialis
1465 2670 1640 2717 reve·

147 2768 366 2846 mutiae3
405 2767 544 2832 ideo
588 2765 744 2832 dicit
778 2763 1120 2847 Apostolus
1155 2784 1172 2826 ι
1204 2759 1638 2827 Emundemus

148 2887 237 2938 nos
273 2873 345 2938 ab
378 2875 552 2940 onmi
578 2873 1069 2955 inquinanaento
1104 2871 1324 2936 curnis
1350 2875 1410 2936 et
1434 2870 1638 2950 spiri-

150 2984 249 3044 tus.
284 2979 396 3045 Sed
435 2981 588 3064 quia
629 2980 760 3044 nisi
793 2979 989 3043 timor
1022 2977 1272 3043 Domini
1303 2976 1639 3060 praecedat,

150 3087 434 3153 mitetur
460 3092 526 3152 et
562 3087 992 3170 subsequatur
1028 3089 1310 3150 nostram
1338 3084 1635 3149 emenda·

146 3192 367 3274 tionem,
394 3212 800 3279 nequaquam
827 3209 1168 3278 possumus
1198 3190 1637 3256 sanctificatio-

147 3315 266 3365 nem
299 3304 625 3385 perficere,
657 3301 967 3385 quoniam
990 3302 1015 3337 ³
1046 3322 1078 3362 α
1103 3300 1215 3384 qui
1251 3300 1389 3364 sine
1413 3299 1642 3364 timore

144 3409 234 3480 est,
259 3405 881 3490 nonJustiflcabitur3
906 3426 937 3464 n
963 3404 1106 3469 ideo
1137 3403 1425 3486 sequitur
1455 3425 1470 3465 :
1496 3418 1640 3485 per-

143 3508 396 3588 ficientes
420 3512 1001 3594 sanctificatimzem
1026 3512 1102 3577 in
1120 3511 1335 3577 timore
1355 3510 1639 3578 Domini.

142 3615 402 3686 Secundo
424 3640 464 3686 a
492 3622 721 3686 foetore
760 3618 1038 3683 luxuriae
1078 3616 1506 3683 emundamur
1530 3636 1644 3701 per

144 3723 398 3793 decomm
431 3725 740 3793 castitatis
779 3729 844 3791 et
880 3724 1224 3807 pudicitiae.
1254 3723 1280 3760 ⁸
1327 3746 1358 3785 α
1395 3724 1462 3789 Si
1498 3724 1645 3807 quis

143 3849 270 3914 ergo
303 3835 750 3902 emundaverit
780 3851 848 3898 se
871 3834 954 3898 ab
983 3832 1126 3910 his,
1156 3833 1280 3898 erit
1299 3850 1416 3898 vas
1437 3832 1508 3897 in
1531 3833 1645 3898 ho-

143 3957 266 4006 nore
303 3944 766 4008 mctiflcamm
783 3990 809 4022 ,
848 3945 913 4006 et
951 3940 1106 4007 utile
1141 3941 1407 4006 Domino
1428 3990 1446 4021 ,
1478 3940 1645 4005 etad

145 4063 299 4114 omne
321 4069 486 4133 opus
511 4051 758 4116 bonum
785 4053 1108 4133 paratum.
1134 4048 1170 4114 J
1174 4047 1456 4114 uvenilia
1479 4048 1640 4113 desi-

145 4152 281 4221 deria
317 4158 502 4240 fuge.
552 4179 583 4216 ι
638 4155 710 4224 Si
736 4157 886 4240 quis
925 4171 1070 4238 erqo
1113 4154 1558 4222 emundaverit
1579 4170 1645 4222 se

147 4260 204 4324 ὠ
227 4262 316 4332 his
337 4265 857 4350 inquinamentis
882 4262 1160 4328 luxuriae
1193 4280 1311 4344 per
1334 4262 1642 4327 amaritu-

147 4367 315 4437 dinem
338 4372 746 4439 contritionis
761 4374 827 4436 et
849 4369 1259 4453 poeuitentiae,
1290 4370 1415 4438 erit
1438 4384 1555 4436 vas
1571 4370 1647 4437 in

147 4472 330 4548 Mum
347 4530 370 4562 ,
429 4478 918 4561 semimodium
958 4495 1072 4560 per
1106 4475 1644 4560 pulchritudinem

150 4585 368 4653 ommis
396 4587 664 4671 gratiae,
705 4584 844 4649 sive
871 4583 1172 4649 castitatis
1197 4587 1264 4648 et
1290 4583 1642 4663 munditiae,

152 4694 344 4761 uuile
369 4696 660 4764 Domino
693 4692 786 4759 ad
823 4707 1003 4759 omne
1034 4706 1194 4774 opus
1228 4691 1643 4775 percompta-

149 4801 370 4866 oentiam
394 4803 644 4867 divinae
670 4798 1039 4867 voluntatis.
1068 4795 1214 4863 Nou
1247 4796 1420 4862 enim
1446 4798 1650 4882 placet

149 4904 492 4975 nobilissimo
534 4909 702 4991 Regi
742 4906 1023 4986 Christo,
1056 4923 1267 4988 neque
1288 4908 1648 4989 acceptatur

148 5009 198 5073 iu
232 5012 1644 5098 opereministeriisuivassordidumetim-

151 5120 829 5192 mmomn.1uveni1ia
890 5119 1220 5188 desideria
1284 5121 1455 5204 fuae.
1508 5119 1649 5187 Non

197 5245 212 5279 ¹
240 5247 276 5297 11
297 5248 429 5315 Corn,
454 5261 564 5313 vn,
599 5253 644 5300 1.
677 5274 746 5286 -
775 5246 801 5283 ²
827 5244 1005 5306 Βαὰλ,
1034 5257 1072 5309 1,
1094 5248 1176 5297 28.
1201 5272 1265 5284 —
1287 5245 1313 5282 ⁸
1339 5247 1380 5296 n
1413 5246 1560 5308 Tim„
1587 5258 1647 5308 11,

157 5316 288 5369 ²142.
309 5347 365 5358 —
386 5322 410 5357 δ
433 5318 643 5383 rma,
670 5328 861 5380 xxxvl,
893 5318 976 5369 25.
997 5343 1060 5355 —
1093 5317 1115 5353 ⁸
1140 5318 1158 5367 1
1193 5317 1338 5379 Tim„
1371 5328 1444 5381 vt,
1482 5322 1557 5369 10.
1585 5344 1651 5356 -

158 5385 174 5416 “
201 5389 368 5453 Ephe„
400 5405 452 5449 v,
483 5396 534 5444 5.
577 5417 644 5430 -
683 5391 702 5422 ⁷
743 5390 885 5450 Luc„
925 5399 1009 5452 11,
1042 5390 1121 5440 41.
1154 5413 1219 5427 —
1252 5388 1277 5424 ⁸
1309 5390 1459 5441 Hunc
1493 5388 1650 5441 habet

160 5470 318 5528 mque
340 5464 454 5518 edit.
481 5462 651 5517 Paris-
684 5473 777 5515 an.
815 5461 959 5512 1821.
986 5484 1048 5500 -
1083 5460 1105 5491 ⁸
1129 5459 1340 5514 Παιυι..
1361 5471 1480 5525 vm,
1505 5463 1556 5512 8.
1583 5487 1647 5499 —

380 5568 717 5622 mm

1732 610 1907 677 enim
1930 612 2130 679 dixit:
2159 613 2420 693 Resiste,
2450 613 2561 679 sed
2591 633 2608 679 ε
2638 613 2832 697 Fuqe,
2859 613 3011 697 quia
3038 612 3268 680 melius

1733 724 2072 803 superatur
2106 721 2340 787 vitium
2370 720 2649 786 luxuriae
2675 738 2789 805 per
2823 720 3047 804 fugam
3071 739 3266 805 quam

1735 843 1850 909 per
1884 827 2328 892 resistentiam.
2370 826 2580 892 Tertio
2609 827 2690 891 ab
2717 827 2941 891 ardore
2979 826 3268 892 avaritiae

1735 934 2127 999 mundamur
2152 952 2267 1018 per
2293 935 2620 1000 dulcorem
2644 932 2987 1017 spiritualis
3002 933 3263 999 laetitiae.

1736 1038 1987 1106 Unde⁸z
2019 1065 2053 1105 c
2080 1040 2421 1107 Effundam
2447 1059 2640 1125 super
2664 1059 2780 1107 vos
2807 1059 3043 1125 aquam
3073 1059 3270 1106 mun-

1735 1147 1882 1213 dam
1904 1197 1924 1229 ,
1955 1158 2019 1213 et
2046 1148 2507 1215 mundabimini
2532 1149 2614 1213 ab
2644 1147 2942 1215 omnibus
2971 1148 3268 1233 inquina-

1738 1256 1967 1320 mentis
2006 1256 2236 1321 vestris
2249 1305 2268 1337 ,
2298 1259 2363 1321 et
2386 1257 2468 1321 ab
2495 1255 2812 1322 universis
2836 1256 3019 1322 idolis
3041 1256 3271 1323 vestris

1738 1362 2061 1427 mundabo
2086 1380 2227 1428 vos.
2251 1385 2284 1423 n
2310 1361 2471 1440 Quia
2481 1382 2635 1429 vero
2653 1381 2834 1430 mens
2849 1364 3031 1431 avari
3043 1367 3270 1430 aestuat

1738 1470 1931 1534 variis
1953 1469 2194 1534 deficiis
2210 1519 2230 1551 ‚
2261 1470 2441 1537 ardet
2475 1471 2744 1538 terrenis
2780 1471 3220 1537 affectionibus
3250 1492 3266 1536 ε

1739 1594 1870 1641 non
1898 1578 2072 1643 enim
2099 1582 2297 1644 cessat
2317 1596 2431 1661 per
2449 1579 2619 1644 diem
2643 1579 2979 1645 inutilibus
3006 1578 3269 1644 distrac-

1740 1683 2042 1764 tionibus,
2072 1703 2189 1750 nec
2223 1703 2337 1768 per
2366 1690 2617 1751 noctem
2644 1686 2842 1752 variis
2866 1686 3273 1769 cogitationi-

1742 1792 1892 1871 bus;
1936 1793 2077 1859 ideo
2115 1792 2265 1858 dicit
2305 1792 2611 1859 Dominus
2640 1817 2657 1857 :
2695 1792 3047 1877 Effundam
3085 1809 3275 1877 super

1740 1915 1875 1980 vos,
1906 1899 2232 1983 depressos
2257 1900 2337 1966 ad
2369 1904 2640 1977 terrena,
2669 1918 2907 1985 aquam
2938 1901 3270 1983 mundam,

1742 2008 1808 2073 id
1832 2012 1948 2090 est,
1980 2008 2258 2089 gratiam
2286 2007 2556 2090 Spiritus
2592 2009 2794 2074 sancti
2818 2009 2901 2074 ad
2925 2010 3275 2092 refugatio-

1743 2133 1893 2180 nem
1931 2114 2177 2180 ardoris
2208 2115 2528 2195 avaritias,
2567 2118 2752 2199 cujus
2794 2118 3076 2198 gustatio
3100 2122 3277 2183 tanto

1742 2222 1998 2287 dulcore
2015 2222 2351 2304 refrigeret
2363 2222 2691 2288 ardentem
2708 2223 2995 2289 animam
3010 2225 3277 2290 terrenis

1744 2328 2215 2408 affectionibus,
2262 2332 2339 2393 ut
2374 2329 2633 2412 dissipet
2686 2348 2910 2396 omnes
2962 2333 3277 2415 appetitus

1744 2436 1988 2501 ardoris
2031 2441 2097 2501 et
2141 2436 2551 2515 terrenitatis,
2594 2441 2654 2505 et
2677 2437 3156 2507 mundabimini
3196 2439 3278 2506 ab

1744 2544 2040 2612 omnibus
2062 2544 2564 2627 inquinamentis
2588 2546 2819 2612 vestris
2844 2552 2906 2614 et
2923 2545 3005 2612 ab
3019 2549 3277 2614 univer-

1744 2654 1840 2719 82‘8
1866 2650 2064 2719 idolis
2085 2652 2342 2719 vestris.
2376 2652 2613 2717 Dicitur
2636 2656 2967 2736 peccatum
2989 2653 3277 2721 avaritia!

1744 2776 1935 2824 omne
1965 2760 2519 2842 inquinamentum
2537 2809 2555 2841 ‚
2586 2778 2664 2825 eo
2699 2761 2871 2844 quod
2903 2783 2934 2822 ι
2971 2760 3279 2844 cupiditas

1745 2870 1841 2931 est
1882 2866 2067 2931 radix
2107 2867 2399 2931 omnium
2428 2867 2747 2933 malorum
2768 2867 2816 2932 ⁸.
2842 2889 2875 2928 n
2910 2867 3280 2952 Appellatur

1745 2972 2163 3038 nihilominus
2190 2974 2448 3040 nomine
2467 2974 2807 3055 idolorum,
2847 2974 3022 3060 quia,
3050 2994 3274 3041 secun-

1748 3082 1903 3148 dum
1942 3081 2317 3164 Apostolum
2341 3088 2390 3162 ⁸,
2437 3103 2471 3144 c
2504 3081 2771 3148 avaritia
2821 3085 2917 3147 est
2961 3081 3278 3150 idolorum

1746 3191 2044 3257 servitus.
2073 3213 2105 3252 ι
2131 3190 2212 3256 Et
2230 3193 2486 3274 propter
2510 3191 2636 3255 hoc
2658 3189 2842 3257 valde
2867 3190 3115 3255 bonum
3134 3209 3281 3257 con·

1747 3300 1959 3364 silium
2015 3299 2208 3364 dabat
2256 3297 2565 3363 Dominus
2605 3296 2629 3332 ⁷
2668 3316 2686 3363 τ
2748 3320 2781 3360 ι
2822 3296 3281 3365 Verumtamen

1747 3406 1919 3491 quod
1958 3408 2275 3489 superest,
2306 3405 2450 3471 date
2485 3405 2955 3489 eleemosynam
2970 3453 2989 3482 ,
3032 3408 3098 3472 et
3137 3423 3281 3471 ecce

1748 3513 1964 3579 omnia
1989 3513 2231 3579 munda
2254 3518 2410 3578 sunt
2433 3512 2637 3595 vobis,
2662 3534 2694 3575 n
2720 3516 2841 3578 etc.

2246 3689 2534 3762 sunno
2575 3692 2669 3762 111
2700 3693 2792 3786 (a)
2823 3702 2869 3763 ι.

1836 3835 2107 3903 Tamum
2145 3833 2255 3902 dic
2298 3833 2520 3913 verbo,
2572 3840 2636 3903 et
2670 3836 3195 3921 sanatura-puer
3233 3840 3283 3908 ⁹.

1751 3942 1920 4009 Puer
1934 3944 2197 4008 tuusest
2220 3941 2479 4025 spiritus
2501 3944 2675 4022 tuus,
2699 3961 2893 4028 quem
2910 3944 3286 4029 alanguori·

1749 4050 1874 4115 bus
1885 4051 2288 4134 peccatorum
2305 4049 2515 4120 sanari
2532 4050 2717 4133 petis,
2736 4050 2951 4117 dicens
2973 4074 2989 4118 ε
3013 4052 3285 4122 Tantum

1750 4156 1860 4225 dic
1882 4156 2102 4235 verbo,
2134 4159 2253 4221 etc.
2284 4154 2328 4191 ¹⁰
2363 4177 2394 4216 α
2418 4152 2587 4221 Sana
2612 4174 2738 4238 me,
2767 4156 3067 4239 Domine,
3096 4164 3162 4226 et
3187 4177 3287 4225 sa-

1750 4266 1973 4331 nabor.
2003 4287 2037 4324 »
2062 4266 2255 4330 Sanat
2278 4266 2494 4328 autem
2520 4263 2829 4331 Dominus
2852 4266 3150 4350 totaliter,
3176 4286 3286 4335 ve-

1751 4371 1991 4452 lociter,
2021 4369 2310 4450 faciliter,
2344 4369 2797 4453 multipliciter.

1832 4478 1919 4543 De
1962 4477 2174 4561 primo
2203 4478 2246 4514 ¹¹
2296 4499 2312 4541 ε
2354 4500 2386 4539 e
2412 4476 2646 4543 Totum
2686 4478 3012 4547 hominem
3054 4499 3286 4548 sanum

1749 4588 1896 4654 fecit
1915 4587 1993 4670 (b)
2005 4587 2077 4653 in
2098 4586 2382 4652 sabbato.
2402 4606 2435 4648 ι
2456 4585 2689 4653 Totalis
2707 4588 2907 4672 huius
2931 4590 3200 4658 salvatio
3216 4591 3286 4656 in

1752 4695 2110 4779 septenario
2162 4694 2565 4777 significatur
2628 4717 2646 4761 ε
2710 4695 3059 4764 Sabbatum
3110 4699 3286 4766 enim

1751 4805 2018 4887 septima
2041 4802 2212 4869 dies:
2244 4804 2292 4840 ¹¹
2315 4827 2347 4866 a
2364 4802 2610 4869 Lavare
2638 4804 2869 4888 septies
2894 4805 2966 4872 in
2988 4806 3282 4889 Jordane,

1752 4916 1817 4976 et
1841 4910 2102 4994 recipiet
2124 4909 2460 4975 sanitatem
2483 4927 2632 4975 caro
2674 4914 2809 4978 tua.
2831 4934 2864 4974 n
2897 4910 3142 4997 Septies
3159 4962 3181 4994 ,
3218 4914 3286 4980 id

1752 5023 1849 5084 est
1867 5067 1886 5100 ‚
1915 5018 1998 5082 ab
2019 5016 2319 5082 omnibus
2339 5034 2489 5101 quae
2508 5021 2752 5102 septem
2772 5019 2996 5086 diebus
3023 5021 3287 5087 commi-

1752 5125 1890 5191 sisti
1923 5147 1940 5192 2
1970 5142 2163 5190 omne
2203 5123 2378 5189 enim
2419 5129 2750 5209 peccatum
2791 5129 2981 5192 tuum
3022 5128 3289 5194 commi-

1753 5295 1798 5334 20
1821 5296 2024 5417 {effm’
2051 5304 2180 5357 xvn,
2213 5296 2290 5345 14.
2313 5319 2374 5333 -
2400 5294 2440 5330 1¹
2466 5293 2632 5358 lom„
2658 5306 2754 5359 vn,
2780 5297 2861 5348 2³.
2887 5321 2951 5335 —
2980 5296 3028 5336 ²¹
3054 5298 3121 5351 lv
3144 5297 3286 5365 neq„

1754 5379 1805 5433 v,
1895 5400 1912 5419 .

1819 5459 1891 5522 (a)
1917 5454 2001 5509 Δί.
2030 5466 2121 5518 ιιι,
2150 5454 2215 5507 de
2239 5453 2492 5507 Dominio.
2525 5455 2764 5509 secunda.
2788 5480 2854 5496 —
2885 5455 2956 5524 (b)
2990 5457 3136 5527 ναις.
3163 5459 3282 5517 teci.

2968 5552 3008 5614 7
