4059 6317
585 543 654 592 ιν

584 657 1016 728 mussans:
1057 652 1256 719 erun
1284 650 1573 717 prauum
1617 646 1980 715 conradum
2010 642 2257 711 ordinis
2293 615 2655 722 Minoi-uim,
2699 644 2812 727 qui
2855 645 3144 714 minister
3186 649 3548 733 Teutoniae,
3599 655 3773 721 mira

585 777 795 862 gratia
847 772 1149 858 praeditum
1194 768 1317 835 ruit
1334 817 1355 848 ‚
1397 771 1461 833 et
1509 765 1888 833 Sanctorum
1922 761 2427 830 ferventissimus
2463 762 2823 841 venerator,
2878 762 2948 827 iu
2994 766 3211 832 multis
3251 768 3488 835 enituit
3521 772 3579 851 ι;
3625 776 3773 840 tum

581 894 793 961 adhuc
811 888 1176 974 expressius
1199 903 1456 951 coaevus
1483 882 1816 949 Richerius
1838 879 2232 946 monachus:
2270 900 2303 939 α
2325 876 2746 961 Temporibus
2784 877 2911 943 illis
2949 879 3118 948 Ordo
3152 883 3672 971 PraeOEcatorum,
3704 893 3775 957 et

580 1011 927 1087 Minorum,
953 1022 1070 1089 per
1095 1003 1473 1070 universum
1501 1000 1818 1066 mundum
1845 996 2150 1080 cognosci
2178 994 2372 1078 coepit
2399 1015 2416 1056 ε
2445 986 2619 1060 nova
2643 994 2818 1060 enim
2842 999 2998 1061 tunc
3025 1003 3161 1065 erat
3187 1019 3408 1068 eorum
3437 1005 3765 1087 plantatio.

579 1128 732 1195 Erat
754 1125 928 1193 enim
952 1122 1348 1207 temporibus
1373 1121 1498 1186 illis
1522 1118 1783 1204 quidam
1809 1117 2033 1183 Frater
2049 1115 2128 1181 de
2160 1112 2400 1181 Ordine
2428 1114 2734 1180 Fratrum
2759 1114 3084 1183 Minor-um
3106 1118 3463 1189 conraldus
3485 1126 3765 1204 nomine,

578 1244 731 1308 satis
755 1243 1061 1307 honestus
1096 1243 1161 1305 et
1197 1238 1566 1320 religiosus.
1598 1235 1722 1301 Hic
1749 1234 1854 1301 illi
1886 1232 2067 1314 felici
2091 1237 2400 1298 matrona»
2427 1227 2792 1314 (Elizabeth)
2822 1231 3182 1312 familiaris
3208 1237 3486 1321 erat,qui
3511 1255 3657 1304 eam
3684 1224 3771 1307 ad

584 1359 761 1426 viam
808 1355 1029 1423 salutis
1061 1354 1344 1440 quotidie
1386 1352 1714 1418 animabat
1761 1372 1778 1416 ε
1825 1351 2015 1432 cujus
2041 1345 2302 1412 consilio
2329 1344 2439 1410 illa
2463 1344 2747 1428 benigna
2772 1347 3106 1416 Elizabetlt
3131 1350 3311 1432 freta,
3343 1356 3407 1418 et
3431 1356 3770 1436 promissis

576 1476 810 1543 divinis
835 1472 1181 1556 diligenter
1204 1472 1471 1548 intenta,
1499 1472 1647 1549 etc„
1676 1467 1966 1532 habitum
1994 1464 2292 1531 Fratrum
2319 1461 2639 1528 Minorum
2667 1463 2784 1527 sibi
2812 1467 3156 1551 assumpsit
3177 1475 3225 1547 ¹,
3255 1491 3286 1530 ι
3321 1473 3443 1536 etc.
3473 1471 3772 1539 Suhdens

574 1598 790 1660 autem
820 1590 1163 1675 praedictus
1200 1585 1552 1652 monachus
1602 1606 1618 1650 ε
1665 1606 1698 1645 α
1728 1582 1809 1648 Et
1852 1600 1987 1647 non
2011 1580 2221 1646 multo
2246 1582 2391 1664 post
2418 1578 2688 1659 (scilicet
2729 1585 2872 1664 post
2897 1586 3173 1649 mortem
3200 1583 3557 1670 Elizabeth)
3590 1589 3772 1655 idem

574 1709 682 1774 ille
713 1706 1082 1786 Conraldus,
1113 1704 1228 1789 qui
1267 1721 1410 1769 eam
1438 1701 1725 1767 converti
1750 1700 2004 1776 fecerat,
2034 1697 2116 1762 ab
2136 1696 2258 1761 hac
2281 1695 2418 1760 vita
2441 1695 2768 1777 decedens,
2804 1698 2873 1763 in
2901 1698 3042 1783 ipsa
3064 1700 3304 1784 capella
3327 1703 3396 1767 in
3419 1702 3546 1768 alio
3565 1703 3773 1771 latere

574 1825 863 1909 sepultus
886 1841 1025 1889 esse
1050 1819 1303 1899 dicitur,
1333 1840 1364 1879 ι
1400 1818 1656 1883 videtur
1688 1816 2052 1884 conradum
2090 1813 2378 1880 Fratrem
2407 1811 2720 1879 Minorem
2745 1833 2897 1881 cum
2924 1815 3208 1883 Conrado
3237 1820 3615 1904 presbytero
3639 1839 3768 1887 εω-

575 1941 778 2008 culari
805 1937 1184 2005 confudisse.
1404 2014 1417 2030 .

657 2064 719 2121 7.
755 2055 1018 2135 Quodve
1059 2056 1293 2138 praeter
1335 2052 1696 2118 Conradum
1734 2051 1910 2117 hunc
1947 2050 2320 2116 saecularem
2366 2048 2586 2114 Frater
2640 2048 2966 2114 conradus
3015 2049 3313 2116 Minorita
3350 2052 3774 2122 verisimilius

577 2176 824 2243 admitti
846 2175 1042 2258 possit
1062 2176 1300 2239 sanctae
1326 2170 1652 2236 Elizabeth
1684 2168 2045 2250 Thuringoe
2087 2167 2533 2247 confessarius,
2579 2184 2622 2230 a
2647 2183 2778 2249 quo
2818 2165 3006 2249 plura
3048 2167 3269 2233 audire
3316 2171 3532 2235 noster
3557 2169 3773 2236 Boua-

577 2297 850 2361 ventura
874 2289 1152 2375 potuerit
1183 2287 1353 2353 circa
1385 2287 1677 2352 eamdem
1703 2283 2022 2363 Sanctam,
2055 2286 2364 2366 praeterea
2383 2282 2712 2361 suadetur,
2733 2282 2889 2365 quia
2913 2282 2981 2347 in
3009 2285 3458 2369 manuscriptis
3490 2285 3771 2352 Chroni-

572 2411 661 2477 cis
685 2407 875 2476 XXIV
893 2406 1297 2473 Generalium
1326 2403 1759 2469 Ministrorum
1786 2400 2007 2467 eadem
2037 2400 2268 2466 dicitur
2289 2398 2558 2467 Ordinis
2587 2399 2889 2465 Fratrum
2915 2399 3237 2466 Minorum
3263 2401 3435 2481 filia,
3477 2407 3541 2470 et
3565 2408 3772 2471 mater

569 2527 951 2611 simularie,
981 2542 1058 2589 ac
1082 2522 1398 2602 subditur,
1429 2519 1604 2604 quod
1641 2542 1670 2581 ι
1697 2520 1801 2585 vir
1827 2522 1969 2603 ejus
1994 2520 2159 2585 duos
2185 2519 2439 2584 Fratres
2463 2517 2739 2583 Minores
2756 2516 2838 2582 ad
2864 2535 3008 2582 eam
3030 2519 3253 2584 venire
3279 2520 3445 2603 fecit,
3474 2525 3548 2587 ut
3575 2523 3771 2604 Juxta

571 2648 797 2710 votum
846 2659 998 2707 cum
1043 2640 1195 2724 ipsis
1239 2639 1318 2703 de
1364 2638 1492 2702 Deo
1518 2638 1927 2720 loqueretur;
1957 2658 1990 2697 n
2036 2636 2335 2720 quodque
2374 2657 2406 2697 α
2449 2637 2894 2719 postmortem
2921 2635 3048 2700 viri
3073 2635 3472 2719 Religionem
3516 2638 3768 2706 intrans

574 2759 1029 2825 Poenitentium
1054 2756 1177 2821 sub
1200 2755 1386 2820 tertia
1410 2754 1642 2836 regula
1667 2754 1837 2818 beati
1868 2752 2205 2833 Fruncisci,
2229 2758 2490 2837 portans
2514 2751 2893 2817 chordulam
2934 2757 3000 2818 et
3043 2753 3441 2834 mantellum,
3493 2755 3768 2823 faciebat
3789 2832 3794 2838 q

569 2876 955 2961 poenitentiae
980 2872 1211 2954 dignos
1236 2872 1501 2951 fructus,
1532 2893 1564 2931 ιι
1600 2874 1720 2936 etc.
1759 2870 1847 2935 De
1880 2887 2015 2935 uno
2047 2874 2266 2935 autem
2312 2887 2395 2935 ex
2430 2869 2568 2934 istis
2612 2868 2942 2934 Fratribus
2969 2870 3286 2936 adseritur
3304 2919 3322 2945 .
3368 2873 3540 2955 quod
3565 2873 3764 2939 fuerit

568 2995 676 3061 vir
696 2993 1015 3076 perfectus
1042 2995 1106 3057 et
1125 2988 1354 3072 plenus
1383 2987 1634 3070 Spiritu
1654 2991 1896 3055 sancto.
1924 2986 2433 3052 Bartholomaeus
2459 3002 2719 3069 quoque
2747 2984 3017 3051 Pisanus
3042 2986 3334 3054 eamdem
3352 2987 3650 3056 Sanctam
3677 2992 3763 3057 ad

568 3110 831 3175 tertium
857 3106 1150 3173 ordinem
1177 3103 1381 3170 sancti
1412 3102 1730 3168 Francisci
1764 3107 2049 3187 spectare
2085 3101 2305 3167 scribit
2329 3103 2375 3182 ‘‚
2417 3102 2834 3186 ejusdemque
2862 3104 3136 3168 multam
3164 3105 3234 3169 in
3265 3106 3554 3172 ordinem
3597 3107 3762 3173 Fra-

564 3231 740 3292 trum
767 3223 1085 3289 Minorum
1111 3220 1600 3306 propensionem
1625 3224 1915 3285 testatam
1937 3221 2087 3286 facit
2115 3222 2385 3305 ipsemet
2421 3225 2644 3285 auctor
2670 3220 2998 3287 Sermonis
3022 3222 3102 3289 de
3137 3242 3269 3307 quo
3301 3225 3370 3288 in
3417 3228 3765 3308 praesentia

566 3342 913 3426 loquimur,
942 3344 1135 3423 atque
1161 3339 1355 3405 etiam
1379 3337 1806 3403 Theodericus
1837 3336 2239 3420 Thuringus.
2272 3337 2434 3415 Quid
2462 3338 2664 3419 igitur
2704 3339 3146 3422 improbabile,
3177 3340 3233 3404 si
3272 3342 3400 3425 ipsi
3434 3360 3476 3407 a
3513 3343 3762 3408 confes-

568 3456 856 3522 sionibus
878 3455 1072 3521 fuerit
1097 3455 1292 3520 etiam
1336 3454 1631 3519 Minorita
1677 3453 2003 3520 Conradus
2017 3460 2045 3518 ⁴?
2090 3453 2440 3519 videantur
2479 3454 2761 3520 Annales
2799 3461 2865 3520 et
2913 3454 3299 3523 Bibliotheca
3340 3458 3678 3541 Waddingi
3706 3460 3759 3540 ⁴,

567 3570 1100 3654 Martyrologium
1128 3568 1350 3634 Arturi
1376 3570 1421 3647 ⁸,
1453 3567 1891 3652 Menologium
1927 3569 2258 3635 Fortunati
2287 3569 2589 3635 Hueberti
2626 3573 2673 3651 ⁸,
2715 3590 2965 3638 necnon
3007 3571 3394 3639 Bibliotheca
3431 3574 3694 3640 Joanuis
3721 3594 3765 3640 a

570 3686 637 3751 S.
667 3686 947 3752 Antonio
969 3686 1017 3748 ⁶¹.
1440 3684 1446 3690 ’

647 3806 709 3868 8.
738 3802 979 3870 Evinco
1005 3805 1234 3886 quarto
1259 3803 1588 3867 auctorem
1613 3800 1899 3885 praedicti
1930 3801 2261 3867 Sermonis
2285 3821 2420 3868 non
2447 3821 2586 3869 esse
2619 3803 3137 3870 Bonaventuram
3180 3805 3571 3872 Baduarium
3588 3855 3608 3888 ,
3648 3809 3763 3874 sed

567 3922 781 4006 potius
806 3921 1320 3987 Bonaventuram
1358 3922 1676 3999 nostrum,
1708 3919 1814 3984 cui
1837 3937 1941 3984 res
1966 3936 2138 4002 saepe
2173 3919 2295 3983 fuit
2333 3923 2555 3984 contra
2595 3918 3034 3987 Franciscanae
3079 3923 3473 4006 paupertatis
3501 3923 3756 4004 hostes;

566 4040 814 4118 evinco,
845 4040 1133 4123 inquam,
1163 4056 1246 4104 ex
1284 4037 1409 4101 illis
1435 4036 1763 4102 Sermonis
1790 4035 1989 4119 ipsius
2014 4035 2277 4101 verbis:
2315 4056 2347 4096 α
2376 4035 2527 4100 Haec
2569 4036 2825 4118 (scilicet
2869 4035 3210 4118 Elisabeth)
3254 4041 3587 4106 contundit
3620 4058 3755 4121 eos,

561 4156 675 4240 qui
702 4159 1141 4239 paupertatem
1163 4158 1506 4234 voverunt,
1537 4157 1604 4218 et
1625 4154 1831 4218 eidem
1859 4152 2152 4218 libellum
2185 4152 2438 4236 repudii
2473 4154 2843 4236 porrigunt.
2875 4153 2954 4219 Et
2994 4159 3167 4229 nota,
3208 4157 3380 4239 quod
3420 4157 3607 4237 dicit,
3637 4174 3761 4240 per

561 4274 931 4354 infamiain,
956 4278 1016 4340 et
1047 4271 1274 4340 bonam
1317 4272 1558 4352 famam
1591 4289 1613 4335 .·
1642 4270 1831 4335 hodie
1865 4271 2040 4335 enim
2086 4286 2400 4353 pauperes
2440 4268 2671 4334 Christi
2710 4270 3125 4345 infamantur,
3168 4272 3284 4356 qui
3330 4272 3518 4337 bonae
3562 4273 3756 4338 famae

563 4392 715 4454 sunt
731 4387 906 4472 apud
929 4387 1154 4468 Deum,
1179 4387 1334 4454 dum
1360 4406 1401 4452 a
1435 4388 1619 4453 malis
1644 4387 2013 4454 hominibus
2047 4386 2592 4470 blasphemantur,
2626 4391 2690 4452 et
2714 4386 2807 4452 eis
2831 4388 3138 4456 molestiae
3177 4392 3240 4454 et
3287 4390 3545 4472 iniuriae
3591 4389 3754 4455 infe-

563 4511 818 4587 runtur,
867 4508 931 4571 et
982 4504 1419 4570 detractiones.
1470 4527 1501 4566 n
1551 4503 1951 4587 Recolantur‚
1998 4525 2150 4590 quae
2188 4509 2403 4571 noster
2444 4505 2895 4574 Bonaventura
2939 4506 3196 4590 scripsit
3244 4507 3323 4572 de
3374 4506 3753 4589 hujusmodi

562 4623 987 4707 blasphemiis,
1011 4622 1341 4704 molestiis,
1360 4622 1635 4706 iniuriis
1651 4627 1712 4690 el
1727 4621 2228 4691 detractionibus
2247 4629 2465 4687 contra
2482 4623 2866 4704 magistrum
2892 4621 3279 4687 Gulielmum
3298 4622 3376 4686 de
3394 4621 3461 4686 S.
3488 4622 3747 4703 Amore,

562 4738 916 4808 Gerardum
940 4740 1020 4806 de
1047 4737 1516 4819 abbatis-Villa,
1548 4741 1667 4804 etc.
1702 4737 1748 4801 ⁸.

636 4856 699 4918 9.
729 4853 947 4939 Neque
964 4855 1310 4922 conficiunt
1330 4855 1723 4921 contrarium
1753 4873 1851 4933 ea,
1881 4873 2033 4939 quae
2052 4854 2383 4920 novissimi
2419 4853 2704 4919 Editores
2735 4854 3077 4940 objiciunt3
3109 4873 3261 4919 nam
3290 4855 3499 4939 quoad
3525 4873 3747 4922 exem-

556 4970 738 5056 plum
751 4974 824 5038 Β.
854 4972 1276 5052 Bemardini,
1293 4971 1560 5053 juvenis
1577 4972 1930 5055 plurimum
1952 4972 2231 5056 pulchri,
2246 4976 2422 5040 nocte
2436 4972 2513 5040 in
2539 4970 2678 5053 eius
2691 4972 2840 5039 lecto
2854 4989 2900 5038 a
2915 4970 3200 5053 quadam
3214 4972 3433 5054 puella
3449 4974 3744 5057 pulchra,

555 5087 713 5154 dum
752 5090 920 5174 apud
955 5091 1160 5175 ipsam
1184 5089 1640 5171 hospitaretur,
1682 5090 1764 5155 ad
1797 5091 2009 5174 turpia
2043 5090 2349 5171 lacessiti,
2397 5090 2705 5155 Sermone
2745 5108 2768 5153 1
2800 5088 2880 5156 de
2926 5087 3259 5158 Laudibus
3307 5090 3373 5155 S.
3418 5090 3754 5161 Ambrosii

623 5244 637 5280 ¹
667 5243 873 5309 Apum„
898 5243 987 5295 lib.
1020 5244 1092 5308 ll,
1119 5257 1166 5295 c.
1195 5253 1236 5302 1,
1262 5255 1316 5294 n.
1348 5243 1425 5292 18.
1452 5267 1517 5279 -
1540 5242 1563 5276 ⁸
1594 5243 1649 5292 ln
1677 5240 1909 5293 chronic.
1938 5242 2144 5305 Senon..
2171 5243 2263 5294 lib.
2295 5243 2382 5307 lv,
2415 5256 2463 5294 c.
2492 5253 2650 5307 xxxa,
2678 5242 2859 5307 spicil.
2891 5241 3124 5306 Becher„
3155 5246 3282 5293 tom.
3314 5243 3385 5306 ll,
3425 5255 3543 5308 pag.
3572 5245 3664 5295 641
3695 5248 3752 5296 et

562 5328 698 5379 seq..
731 5314 853 5366 edit.
883 5314 1042 5367 Paris.
1074 5316 1215 5366 1723.
1245 5339 1309 5351 -
1345 5312 1368 5348 ⁸
1396 5312 1620 5378 Censor„
1648 5312 1739 5365 lib.
1771 5313 1820 5375 Ι,
1844 5312 1996 5365 fruct.
2025 5324 2146 5377 vm,
2170 5319 2300 5379 part.
2346 5316 2405 5365 ll.
2440 5315 2496 5364 ln
2527 5313 2922 5366 canonimtiouis
2953 5312 3093 5368 bulla
3120 5313 3238 5363 data
3262 5327 3349 5364 an.
3381 5317 3500 5365 1235
3542 5313 3747 5384 dicimr,

556 5386 696 5450 quod
738 5386 1016 5451 Reliqionis
1044 5385 1272 5437 habitum
1301 5384 1486 5435 induit.
1518 5411 1579 5422 —
1613 5384 1636 5419 ⁸
1671 5383 1877 5450 Amal„
1904 5384 1971 5434 ad
1997 5399 2083 5435 an.
2112 5389 2254 5450 1227,
2283 5388 2336 5436 et
2361 5384 2516 5444 Bibl„
2542 5399 2665 5450 pag.
2696 5387 2785 5437 106
2813 5391 2868 5435 et
2891 5397 3002 5449 seq.
3034 5410 3090 5421 —
3121 5384 3140 5414 ⁸
3169 5383 3247 5434 Ad
3274 5384 3412 5436 diem
3439 5385 3467 5436 3
3497 5384 3744 5438 novemb.

556 5481 615 5495 —
638 5456 661 5492 ⁸
688 5456 763 5508 Ad
790 5456 928 5506 diem
953 5458 981 5506 3
1012 5460 1064 5508 et
1092 5459 1149 5509 19
1175 5456 1418 5508 novemb.
1447 5481 1508 5492 —
1539 5456 1555 5486 ²
1581 5456 1728 5507 Tom.
1763 5456 1800 5520 t,
1828 5469 1883 5519 p.
1912 5457 2024 5506 275.
2053 5480 2115 5498 ·-
2142 5458 2161 5490 ⁸
2182 5451 2291 5508 Vid-
2319 5459 2442 5510 tom.
2471 5469 2581 5521 seq.
2612 5456 2762 5521 hujus
2789 5459 2978 5506 nostr·
3004 5453 3259 5510 editionis.
