4059 6317
1311 485 1414 552 DE
1449 484 1567 552 SS.
1610 483 1906 553 SIMONE
1947 484 2050 551 ET
2088 486 2308 554 JUDA.

200 619 287 677 ris
317 619 392 694 (a)
417 619 500 678 rei
525 619 834 681 familiaris
857 622 1086 696 intenti,
1112 620 1465 681 substantias
1487 620 1755 696 posside-

200 715 386 785 bant,
425 715 566 774 ideo
605 717 899 792 Propheta
935 733 1044 793 per
1087 715 1365 791 Spiritum
1419 714 1753 791 praevidens

198 809 554 884 Apostolos',
583 813 641 867 et
680 824 890 869 eorum
928 826 1210 885 sequaces
1225 853 1245 883 ‚
1275 810 1626 868 substantias
1652 809 1755 867 de-

199 917 425 974 serere,
452 904 730 978 conjugia
754 919 879 962 000
904 910 1203 981 appetere,
1233 904 1387 962 filios
1423 919 1545 961 000
1575 918 1755 977 gene-

199 1010 340 1054 rare
358 1038 378 1069 ,
416 996 503 1055 nil
527 996 591 1054 in
623 1002 779 1056 terra
804 1003 1036 1074 petere,
1081 998 1230 1057 nihil
1257 998 1561 1073 possidere
1582 1042 1600 1071 ‚
1629 1013 1754 1056 non

200 1104 311 1147 eos
338 1105 449 1165 per
463 1093 703 1163 terram,
728 1091 893 1150 velut
919 1091 1190 1150 homines
1216 1092 1607 1181 ambulantes,
1648 1093 1754 1151 sed

198 1183 401 1241 nubes
436 1184 705 1243 volantes
743 1185 1025 1260 appellat,
1062 1202 1199 1244 cum
1242 1186 1385 1245 dicit
1413 1204 1428 1244 ε
1476 1185 1584 1254 Qui
1629 1192 1755 1243 sunt

199 1279 330 1347 isti,
356 1280 466 1335 etc.
497 1281 564 1337 ln
598 1278 818 1353 quibus
857 1279 1077 1352 verbiS,
1120 1279 1195 1338 de
1222 1279 1460 1338 duobus
1483 1280 1596 1337 hos
1623 1281 1756 1354 glo·

199 1369 401 1429 tiosos
442 1373 786 1447 Apostolos,
831 1373 1133 1433 Simonem
1177 1375 1398 1432 scilicet
1434 1378 1492 1433 et
1514 1374 1751 1448 ludam,

200 1466 605 1526 commendat.

281 1557 503 1633 Prim0,
532 1560 609 1620 de
636 1560 939 1621 altitudine
966 1560 1342 1636 perfectionis
1379 1561 1753 1635 evangelicoe,

200 1674 345 1717 cum
373 1656 558 1715 dicit:
591 1655 699 1722 Qui
735 1661 864 1712 sunt
904 1658 1025 1726 isti,
1056 1659 1154 1728 qui
1185 1661 1249 1712 ut
1287 1656 1473 1722 nubes,
1517 1658 1698 1713 volant
1725 1659 1756 1713 P

199 1750 520 1826 Gregorius
548 1750 567 1785 ¹
600 1766 614 1806 :
651 1768 682 1803 α
705 1748 920 1806 Volant
959 1748 1140 1820 enim,
1178 1748 1280 1822 qui
1326 1752 1543 1807 terram
1583 1750 1755 1824 quasi

198 1861 329 1904 non
347 1845 615 1917 tangunt,
643 1842 785 1916 quia
812 1842 875 1899 in
903 1841 1034 1918 ipsa
1059 1842 1146 1900 nil
1172 1845 1476 1917 appetunt.
1506 1862 1536 1897 n

271 1937 570 2007 Secunde,
611 1935 684 1994 de
703 1935 1088 2010 simplicitatis
1114 1935 1586 2009 mansuetudine,
1616 1953 1754 1995 cum

197 2033 375 2092 addit
401 2051 416 2089 ε
446 2033 520 2088 Et
552 2033 697 2088 sicut
734 2030 987 2087 columboe
1020 2030 1095 2086 ad
1137 2034 1401 2101 fenestras
1427 2035 1597 2089 suas?
1624 2033 1755 2091 Gre-

198 2126 410 2201 gorius
424 2126 474 2182 ¹:
504 2124 622 2182 «Ad
643 2122 926 2182 fenestras
944 2139 1082 2181 suas
1099 2125 1270 2198 quasi
1285 2125 1577 2183 columbas
1594 2128 1751 2197 sunt,

198 2221 308 2296 qui
335 2236 447 2294 per
470 2218 941 2278 mansuetudinis
975 2217 1244 2292 spiritum
1280 2218 1342 2276 in
1369 2219 1485 2277 hoc
1525 2218 1753 2278 mundo

197 2315 288 2373 nil
315 2331 425 2390 per
451 2313 660 2372 oculos
686 2312 1128 2387 concupiscunt.
1158 2332 1187 2366 n
1221 2312 1365 2370 Dicit
1388 2312 1571 2385 igitur
1599 2332 1614 2370 :
1646 2313 1758 2382 Qui

197 2412 332 2466 sunt
358 2410 482 2479 isti,
518 2411 637 2481 qui,
666 2411 731 2463 ut
766 2407 946 2477 nubes,
986 2409 1098 2464 etc.
1128 2409 1195 2464 Et
1221 2406 1639 2465 convenienter
1673 2407 1754 2465 ad

199 2502 591 2577 quaestionem
637 2499 1005 2574 propositam
1056 2503 1248 2574 potest
1299 2500 1647 2575 responderi
1690 2502 1754 2559 in

197 2610 462 2671 persona
482 2595 766 2652 istorum:
796 2592 892 2652 lsti
919 2596 1056 2651 sunt
1081 2596 1345 2668 pastores
1369 2593 1588 2667 gregis,
1616 2610 1755 2653 con-

197 2692 534 2748 servatores
559 2687 729 2764 legiS,
763 2690 1062 2746 senatores
1099 2687 1285 2759 urbiS,
1312 2703 1633 2747 assessores
1656 2689 1753 2761 jn-

203 2782 375 2841 dicis.

269 2876 492 2947 Primo,
518 2875 612 2933 isti
640 2880 776 2933 sunt
799 2877 1066 2949 pastores
1090 2873 1314 2947 gregiS,
1344 2874 1562 2948 quibus
1589 2889 1753 2933 com-

199 2970 388 3028 missa
424 2973 510 3028 est
542 2984 685 3027 cura
728 2968 1034 3042 regiminis
1072 2968 1425 3026 universalis
1456 2985 1471 3025 ε
1513 2972 1572 3026 et
1612 2967 1750 3026 ideo

200 3063 283 3121 ad
307 3062 678 3138 propositam
704 3060 1090 3136 quaestionem
1115 3079 1130 3119 z
1164 3064 1273 3131 Qui
1298 3068 1426 3119 sunt
1460 3065 1561 3119 ista·
1582 3065 1613 3119 ?
1638 3064 1749 3136 ipsi

204 3157 279 3216 de
304 3174 370 3216 se
399 3160 648 3232 possunt
672 3156 936 3231 praebere
964 3171 1314 3230 responsum
1335 3156 1357 3192 ⁸
1387 3173 1402 3212 :
1439 3177 1468 3208 «
1494 3156 1614 3214 Viri
1639 3172 1750 3231 pa-

202 3254 393 3310 stores
415 3267 658 3308 sumus:
689 3270 719 3305 n
751 3253 1043 3324 paverunt
1070 3249 1231 3307 enim
1252 3265 1494 3323 gregem
1523 3250 1752 3308 Domini

203 3345 485 3419 exemplo
510 3344 661 3410 vitae,
692 3344 879 3402 verbo
906 3343 1209 3413 doctrinas,
1231 3343 1509 3401 subsidiis
1537 3344 1754 3402 oratio-

199 3439 295 3496 nis
315 3439 570 3497 devotoe.
611 3441 853 3512 Propter
892 3437 1060 3511 quod
1089 3436 1227 3494 dicit
1261 3437 1591 3496 Bernardus
1611 3481 1630 3508 ‚
1676 3436 1753 3496 de

201 3531 502 3608 Apostolis
546 3532 800 3606 loquens
825 3532 890 3586 ⁸:
928 3549 958 3585 α
982 3530 1147 3588 Tales
1192 3529 1442 3589 decebat
1487 3531 1751 3590 humano

204 3625 412 3701 generi
437 3628 701 3700 pastores
727 3626 787 3683 et
802 3624 1075 3683 doctores
1098 3624 1392 3696 constitui,
1413 3625 1518 3699 qui
1541 3629 1597 3683 et
1623 3625 1754 3682 dul-
1778 3654 1791 3673 ·

202 3736 302 3780 ces
341 3722 538 3778 essent
552 3761 572 3791 ‚
618 3722 674 3776 et
701 3722 991 3791 potentes,
1038 3722 1095 3776 et
1137 3718 1430 3792 sapientes
1460 3739 1475 3774 :
1525 3718 1750 3790 dulces,

203 3820 268 3873 ut
321 3829 423 3872 me
474 3812 697 3871 blande
743 3816 801 3871 et
849 3811 1306 3871 misericorditer
1359 3796 1721 3886 susciperent
1729 3833 1749 3887 3

203 3910 477 3983 potentes
494 3947 516 3977 ,
560 3909 625 3964 ut
673 3904 898 3965 fortiter
954 3911 1330 3980 protegerent
1343 3925 1362 3978 3
1420 3908 1712 3981 sapientes
1729 3948 1752 3978 ,

202 4006 269 4060 ut
291 4016 406 4076 per
431 4001 592 4058 viam
620 3999 922 4070 ducerent,
950 4016 1082 4073 quoe
1108 3998 1274 4057 ducit
1297 4000 1377 4057 ad
1397 4001 1744 4059 civitatem.»

204 4095 435 4166 Quibus
462 4093 739 4153 contrarii
765 4097 900 4151 sunt
918 4092 1187 4167 plerique
1218 4092 1394 4160 adeO.
1423 4098 1490 4153 ut
1514 4095 1562 4152 si
1589 4112 1751 4170 quse·

204 4190 377 4247 sieris
408 4207 423 4245 :
456 4188 566 4257 Qui
592 4182 719 4245 su'nt
745 4190 898 4244 isti?
927 4187 1140 4260 poterit
1173 4187 1376 4261 utique
1404 4189 1751 4263 responderi

204 4282 362 4341 illud
389 4283 411 4319 ⁸
443 4300 458 4339 :
495 4280 606 4338 «Hi
628 4284 763 4338 sunt
788 4279 917 4354 lupi
944 4294 1250 4354 rapaces,»
1284 4281 1429 4355 quia
1455 4282 1529 4340 de
1555 4287 1752 4356 pasto-

204 4378 376 4437 ribus
408 4376 546 4437 facti
584 4379 721 4435 sunt
754 4375 907 4450 lupi,
951 4378 1008 4433 et
1042 4374 1120 4433 de
1154 4377 1500 4436 custodibus
1532 4395 1752 4438 merce-

203 4487 381 4531 narn.

275 4563 576 4637 Secundo,
601 4563 696 4622 isti
727 4564 865 4622 sunt
899 4565 1343 4621 conservatores
1381 4564 1550 4638 legis,
1598 4567 1749 4626 adeo

200 4663 268 4718 ut
291 4674 411 4734 pro
435 4658 586 4731 legis
611 4656 955 4716 defensione
981 4672 1172 4730 usque
1216 4656 1296 4714 ad
1334 4663 1588 4717 mortem
1613 4661 1753 4719 viri-

200 4752 333 4812 liter
380 4751 759 4811 decertarent.
789 4753 856 4808 Et
887 4750 1027 4808 ideo
1073 4751 1352 4824 competit
1387 4752 1470 4810 eis
1505 4753 1656 4812 illud
1678 4753 1700 4788 ⁶
1732 4775 1747 4813 z

210 4867 240 4899 α
263 4846 534 4906 Zabulon
560 4847 618 4903 et
645 4844 952 4919 Nephthali
978 4845 1321 4903 obtulerunt
1361 4848 1587 4906 animas
1614 4865 1750 4908 suas

205 4939 407 4999 morti.
446 4960 477 4995 s
527 4943 595 4997 Et
636 4938 774 4997 ideo
802 4937 883 4996 ad
920 4939 1305 5013 quoestionem
1338 4941 1745 5015 propositam:

269 5063 288 5097 ¹
321 5064 502 5126 Greg.‚
527 5061 584 5110 in
599 5058 797 5121 Ezech„
825 5058 914 5109 lib.
936 5059 997 5121 ll,
1028 5059 1172 5109 hom.
1197 5072 1357 5124 xvm,
1386 5060 1452 5110 al.
1481 5073 1550 5125 w,
1581 5077 1634 5113 0.
1670 5068 1745 5116 ¹5.

211 5159 264 5169 —-
294 5134 315 5167 ¹
343 5132 474 5183 ibid.
504 5157 568 5170 —
594 5131 616 5165 ⁸
642 5132 789 5194 Gen„
826 5142 977 5194 nvi,
1003 5132 1082 5181 34.
1114 5158 1171 5169 —
1205 5131 1224 5162 ⁴
1256 5133 1520 5196 Bernard„
1551 5136 1603 5184 in
1628 5136 1746 5198 fest.

210 5203 302 5255 SS.
330 5205 474 5255 Petri
499 5207 548 5254 et
575 5202 744 5254 Pauli.
773 5216 929 5254 serm.
957 5215 992 5266 1,
1021 5216 1077 5252 n.
1101 5206 1148 5255 2.
1174 5229 1234 5240 -
1266 5204 1283 5235 ⁶
1308 5204 1511 5267 matth„
1538 5217 1631 5270 vn,
1667 5210 1744 5259 15.

208 5300 271 5313 --
295 5277 318 5313 θ
346 5274 530 5338 lvdie„
559 5286 613 5338 v,
635 5277 714 5326 ¹8.
741 5298 805 5311 —
832 5275 848 5305 ⁷
869 5275 1041 5339 Aper„
1071 5284 1172 5337 vn,
1201 5277 1279 5325 ¹4.
1307 5301 1370 5313 —
1395 5275 1418 5311 ⁸
1444 5277 1578 5340 Luc„
1607 5290 1747 5341 xxii,

210 5351 291 5398 28.
318 5376 381 5387 —
407 5351 431 5387 θ
470 5348 644 5414 Helm,
683 5360 768 5411 xi,
804 5350 972 5398 33-34.
1014 5373 1077 5385 —
1121 5349 1166 5385 ¹⁰
1197 5349 1376 5412 Eccli„
1413 5362 1554 5413 xuv,
1586 5354 1749 5403 10.—

217 5421 258 5457 ¹⁸
291 5422 463 5486 Pron„
502 5432 662 5485 1111,
692 5422 774 5471 23.
801 5447 857 5457 —
894 5420 933 5457 ¹²
961 5418 1142 5481 Εποώ,
1174 5431 1343 5487 2:1111,
1373 5425 1421 5474 4.
1449 5449 1509 5462 -
1541 5424 1581 5460 ¹³
1609 5424 1746 5476 Peal.

3289 497 3410 559 6¹3

1859 622 1969 691 Qui
2007 626 2136 679 sunt
2167 626 2269 682 isti
2290 627 2321 681 Υ
2355 628 2549 700 potest
2589 626 2936 702 responderi
2973 627 3127 687 illud
3152 629 3176 665 ‘¹
3206 646 3222 686 ε
3267 648 3297 683 «
3316 628 3410 689 isti

1856 718 1994 773 sunt
2018 710 2122 790 qui
2148 724 2440 778 venerunt
2464 735 2539 777 ex
2564 736 2786 794 magna
2805 722 3215 794 tribulatione,
3242 728 3300 781 et
3324 722 3412 781 la·

1857 813 2070 867 verunt
2088 810 2267 869 stolas
2280 828 2418 871 suas
2434 813 2496 871 in
2516 815 2804 888 sanguine
2815 817 3135 891 Agni.»Nec
3155 815 3406 876 mirum:

1858 902 2170 962 audierant
2210 905 2369 963 enim
2411 908 2595 966 Deum
2618 909 2933 968 ‘dicentem
2982 910 3069 969 eis
3100 911 3124 947 ⁸
3169 929 3185 968 :
3234 930 3265 966 α
3295 913 3412 970 Vos

1858 996 2014 1067 estiS,
2031 997 2134 1070 qui
2152 1000 2551 1072 permansistis
2571 1018 2801 1061 mecum
2817 1003 2882 1061 in
2895 1004 3317 1063 tentationibus
3337 1005 3409 1079 (b)

1858 1088 2023 1147 meis.
2045 1110 2076 1146 ι
2109 1093 2176 1149 Et
2200 1093 2432 1151 Domini
2452 1095 2717 1154 roborati
2746 1097 3043 1171 exemplo,
3073 1098 3097 1134 ⁹
3115 1116 3145 1151 α
3167 1098 3406 1157 obtura·

1858 1187 2072 1240 verunt
2094 1200 2202 1243 ora
2226 1185 2494 1259 leonum,
2527 1189 2902 1248 extinxerunt
2926 1190 3214 1266 impetum
3235 1190 3410 1264 ignis,

1859 1274 2269 1349 effugaverunt
2293 1280 2482 1338 aciem
2508 1282 2714 1355 gladii.
2738 1303 2767 1337 ι)
2800 1287 3040 1359 Propter
3065 1285 3235 1360 quod
3253 1300 3413 1343 com-

1857 1370 2004 1443 petit
2020 1370 2105 1428 eis
2130 1370 2282 1430 illud
2301 1375 2346 1410 ¹⁰
2369 1392 2385 1432 ε
2412 1394 2441 1429 ι
2457 1376 2524 1433 Hi
2549 1381 2686 1434 sunt
2705 1376 2820 1435 viri
2848 1378 3285 1451 misericordiis,
3307 1381 3411 1454 qui

1851 1464 2087 1537 justitiae
2112 1464 2481 1525 oblivionem
2507 1484 2632 1528 non
2659 1476 3010 1545 acceperunt
3038 1471 3125 1547 (e).
3148 1493 3179 1529 »

1928 1558 2141 1629 Tertio,
2170 1558 2261 1617 isti
2288 1564 2425 1618 sunt
2449 1566 2747 1622 senatores
2770 1565 2938 1623 urbis
2949 1606 2969 1635 ,
2999 1582 3259 1640 quorum
3285 1569 3410 1626 Rex

1857 1653 2116 1711 Christus
2134 1672 2154 1725 3
2201 1654 2277 1712 de
2323 1655 2542 1730 quibus
2569 1656 2609 1694 ¹¹
2640 1674 2654 1713 ε
2693 1677 2723 1712 «
2748 1659 2973 1717 Nobilis
2997 1660 3061 1718 in
3099 1662 3285 1736 portis
3320 1663 3412 1723 vir

1858 1746 2007 1818 eius,
2036 1748 2282 1821 quando
2316 1749 2530 1808 sederit
2572 1766 2710 1809 cum
2735 1754 3109 1827 senatoribus
3134 1758 3305 1814 terroe
3328 1748 3355 1815 ε’
3375 1777 3407 1813 1·

1860 1842 2019 1908 Quos
2047 1843 2169 1899 Rex
2210 1857 2420 1915 regum
2458 1859 2567 1917 per
2593 1844 2887 1904 mundum
2917 1846 3212 1922 dispersit,
3241 1852 3306 1907 ut
3331 1849 3410 1907 si-

1860 1939 1959 1991 cut
1986 1934 2142 2008 ignis
2169 1936 2233 1992 in
2274 1937 2541 1995 scintillis
2567 1938 2690 1996 suis
2718 1940 3030 2013 aspicitur,
3060 1940 3145 2000 sic
3170 1941 3414 2001 illorum

1857 2027 2172 2086 virtutibus
2193 2029 2400 2087 Christi
2417 2032 2681 2104 potentia
2709 2033 3089 2106 cognoscitur
3111 2035 3206 2108 (d).
3233 2039 3411 2110 Prop-

1857 2123 1947 2179 ter
1973 2121 2141 2195 quod
2159 2138 2296 2179 cum
2310 2122 2616 2196 Abagarus
2635 2140 2741 2181 rex
2765 2125 3009 2184 vidisset
3024 2127 3411 2201 Thaddoeum‚

1858 2323 2014 2380 sum,
2052 2314 2428 2384 asserentem,
2474 2310 2575 2370 ille
2599 2311 2862 2386 intuitus,
2904 2329 3042 2371 cum
3080 2314 3324 2373 vidisset
3347 2315 3414 2374 in

1860 2404 1987 2476 ejus
2012 2404 2180 2462 vultu
2208 2406 2534 2480 quemdam
2555 2407 2776 2465 mirum
2821 2409 3210 2484 splendorum
3243 2411 3408 2470 miri·

1857 2496 1970 2555 fice
2008 2497 2361 2569 radiantem,
2407 2499 2663 2557 adorans
2704 2502 2888 2559 Deum
2911 2545 2931 2575 ‚
2974 2502 3160 2562 dixit:
3213 2526 3242 2559 «
3268 2508 3413 2565 Vere

1860 2594 2185 2669 discipulus
2228 2593 2434 2653 Christi
2473 2597 2611 2653 Jesu
2658 2595 2766 2654 filii
2801 2596 2900 2655 Dei
2938 2598 3080 2671 vivi,
3109 2621 3138 2655 n
3187 2604 3296 2659 etc.
3342 2605 3411 2661 Et

1858 2688 1996 2747 ideo
2024 2688 2105 2747 ad
2131 2688 2512 2763 quaestionem
2537 2689 2904 2764 propositam
2930 2709 2944 2749 :
2979 2692 3090 2760 Qua·
3114 2699 3244 2751 sunt
3267 2698 3366 2752 isti
3380 2700 3412 2752 P

1857 2787 2050 2857 potest
2072 2798 2196 2841 000
2234 2781 2559 2857 incongrue
2586 2784 2935 2859 responderi
2978 2786 3132 2845 illud
3159 2786 3201 2822 ¹¹
3233 2805 3249 2846 ε
3286 2808 3315 2843 ι
3341 2790 3411 2848 Hi

1858 2878 1996 2934 sunt
2022 2876 2106 2934 dii
2142 2876 2247 2949 tui,
2279 2877 2475 2949 lsrael,
2517 2877 2621 2952 qui
2660 2881 2716 2935 te
2758 2877 3091 2938 eduxerunt
3129 2880 3204 2939 de
3254 2884 3412 2942 terra

1857 2972 2113 3047 AEgypti.
2141 2992 2169 3025 a
2212 2972 2322 3042 Dii,
2350 2971 2507 3044 dico,
2537 2974 2675 3030 sunt
2699 2988 2822 3031 non
2850 2978 3081 3046 natura,
3122 2976 3227 3034 sed
3271 2994 3408 3051 gra-

1859 3066 1940 3124 tia
1967 3107 1986 3136 ,
2016 3067 2160 3141 quia
2184 3069 2397 3125 natura
2424 3066 2561 3124 licet
2592 3082 2750 3124 unus
2784 3067 2860 3124 sit
2889 3071 3059 3140 Deus,
3086 3070 3407 3146 participa-

1857 3160 2017 3218 tione
2036 3164 2235 3218 tamen
2254 3175 2373 3218 non
2392 3159 2743 3234 prohibetur
2760 3177 2885 3219 esse
2904 3163 3408 3239 quamplurimos,

1859 3253 2190 3312 secundum
2217 3254 2369 3312 illud
2398 3253 2440 3292 ¹⁸
2468 3272 2484 3311 z
2512 3257 2673 3312 «Vos
2699 3257 2897 3313 autem
2926 3256 3008 3314 dii
3038 3257 3193 3327 estis,
3224 3261 3282 3316 et
3299 3258 3408 3317 filii

1861 3347 2084 3406 Excelsi
2112 3362 2339 3405 omnes.
2367 3369 2395 3401 »
2428 3347 2522 3406 Isti
2567 3347 2649 3406 ita
2675 3351 2813 3406 sunt
2838 3349 3034 3422 igitur,
3072 3351 3178 3426 qui
3217 3368 3411 3427 popu-

1859 3441 1989 3500 lum
2016 3440 2347 3499 eduxerunt
2390 3440 2467 3498 de
2496 3443 2651 3499 terra
2686 3442 2944 3516 AEgypti,
2971 3443 3034 3500 id
3069 3447 3174 3516 est,
3208 3448 3410 3518 gentes

1860 3535 1939 3593 ab
1982 3534 2287 3593 idolorum
2315 3534 2541 3592 cultura
2567 3534 2647 3592 ad
2667 3535 2872 3593 lumen
2904 3535 3045 3596 fidei
3067 3540 3408 3599 revocando

1860 3628 2180 3686 duxerunt.

1927 3718 2172 3794 Quarto,
2201 3721 2293 3779 isti
2319 3726 2454 3779 sunt
2470 3736 2793 3780 assessores
2811 3723 3052 3795 Iudicis,
3080 3724 3408 3784 secundum

1860 3816 2029 3891 quod
2056 3815 2339 3874 Dominus
2364 3815 2427 3872 in
2450 3815 2769 3888 Evangelio
2808 3817 3146 3891 repromisit
3179 3818 3283 3891 eis,
3316 3818 3408 3878 di-

1861 3926 1999 3969 cens
2025 3908 2068 3944 ¹⁸
2098 3928 2113 3968 ε
2151 3928 2179 3963 α
2205 3913 2349 3969 Cum
2376 3908 2592 3967 sederit
2615 3909 2773 3967 filius
2798 3909 3058 3968 hominis
3082 3930 3111 3966 ιο
3138 3910 3407 3984 judicare

1861 4020 2065 4063 omnes
2092 4004 2278 4061 tribus
2303 4006 2492 4075 terrai,
2513 4003 2835 4062 «sedebitis
2861 4009 2919 4063 et
2950 4021 3055 4064 vos
3076 3992 3407 4079 ,iudicantes

1860 4098 2177 4157 duodecim
2194 4097 2382 4154 tribus
2399 4096 2594 4157 lsrael.
2612 4118 2640 4153 n
2670 4100 2892 4155 florum
2910 4099 3069 4156 enim
3091 4099 3405 4174 proprium

1859 4191 1968 4250 fuit
1992 4206 2279 4266 apparere
2303 4190 2367 4247 in
2394 4190 2640 4248 mundo.
2658 4193 2724 4248 Et
2749 4191 2888 4249 idco
2916 4192 2996 4250 ad
3018 4193 3405 4267 quaestionem

1858 4285 2226 4362 propositam
2251 4303 2266 4341 z
2317 4286 2425 4353 Qui
2462 4289 2589 4341 sunt
2622 4287 2724 4341 isti
2736 4287 2767 4341 P
2816 4287 3010 4358 potest
3055 4287 3403 4359 responderi

1858 4379 2010 4440 illud
2038 4381 2077 4415 ¹⁸
2111 4397 2126 4437 ε
2163 4398 2192 4433 ι
2221 4378 2284 4435 lli
2315 4378 2448 4434 duae
2472 4377 2664 4449 olivae,
2696 4380 2754 4435 et
2778 4376 2901 4436 duo
2925 4378 3311 4452 candelabra,
3339 4381 3403 4440 in

1860 4476 2179 4548 conspectu
2208 4470 2307 4528 Dei
2338 4473 2571 4528 stantes.
2596 4490 2625 4524 n
2667 4469 2916 4529 Stabunt
2948 4472 3127 4545 enim,
3167 4489 3292 4531 000
3320 4474 3400 4532 ad

1856 4566 2166 4625 ferendam
2194 4564 2561 4635 sententiam,
2586 4562 2694 4621 sed
2729 4565 2809 4621 ad
2835 4563 3245 4639 probandam3
3275 4582 3401 4625 non

1857 4661 1938 4719 ad
1980 4658 2380 4718 exhibendam
2418 4656 2907 4727 misericordiam,
2943 4658 3050 4716 sed
3087 4658 3284 4733 potius
3319 4660 3401 4718 ad

1851 4753 2140 4827 J’ustitiam
2164 4750 2606 4811 ulciscendam:
2637 4754 2694 4807 et
2710 4750 2848 4808 ideo
2873 4750 3097 4824 «gladii
3119 4752 3399 4827 ancipites

1857 4851 1922 4907 in
1946 4847 2228 4906 manibus
2262 4862 2471 4904 eorum
2505 4846 2571 4917 ¹⁸,
2611 4845 2693 4903 ad
2734 4844 3052 4904 vindictam
3094 4845 3158 4903 in
3208 4847 3400 4906 natio-

1857 4945 2057 5017 nibus,
2101 4946 2159 5001 et
2182 4941 2613 5017 increpationes
2656 4940 2720 4999 in
2744 4940 3004 5016 populis,
3042 4962 3072 5000 »
3106 4946 3214 5002 etc.
3244 4946 3311 5002 Et
3332 4948 3400 5004 ut

1859 5134 2042 5186 Lxxxi,
2070 5124 2117 5173 6.
2143 5147 2206 5159 -
2234 5120 2278 5155 ¹⁸
2302 5116 2511 5169 Malui..
2534 5125 2646 5178 xix,
2674 5117 2754 5166 28.
2782 5140 2845 5153 -
2872 5117 2913 5151 ¹⁸
2938 5115 3110 5180 Apoc„
3140 5130 3227 5183 ιι,
3259 5121 3305 5169 4,
3335 5146 3396 5159 ..-

1857 5198 1898 5231 ¹⁸
1924 5194 2063 5247 Psal.
2094 5204 2269 5255 cxux,
2297 5194 2346 5241 6.

1921 5285 1989 5347 (a)
2030 5283 2154 5334 Coet.
2185 5281 2315 5332 edit.
2343 5278 2504 5344 cujus.
2531 5305 2594 5316 —
2628 5276 2701 5340 (ὁ)
2730 5276 2851 5328 Item
2880 5276 3305 5353 tribulationibus.
3333 5307 3398 5321 -

1861 5355 1924 5417 (0)
1962 5353 2110 5419 Vulq.
2137 5364 2358 5417 quorum
2388 5349 2599 5414 pietates
2622 5360 2731 5399 non
2757 5348 3047 5403 deruerunt.
3077 5377 3141 5391 —
3174 5351 3246 5419 (d)
3280 5351 3396 5421 ιαμ.

1864 5428 2222 5491 cognoscatur,
2251 5423 2329 5476 vel
2355 5424 2769 5487 cognosceretur.

3494 2135 3651 2179 Exem-

1859 2214 2081 2272 scilicet
2110 2215 2350 2287 sudam,
2383 2217 2589 2275 christi
2617 2217 2978 2293 discipulum
3016 2220 3131 2278 sibi
3154 2222 3410 2296 promis.
3438 2195 3581 2254 ΡΜ·
