4059 6317
635 541 836 601 nullus
878 540 1001 601 vita
1038 540 1240 615 gratim
1273 538 1437 599 vivit.
1488 539 1610 597 Hoc
1643 538 1778 597 vitoe
1827 537 2060 613 lignum
2114 535 2181 596 in

635 634 777 710 palo
803 635 1100 708 signatum
1125 633 1235 693 fuit
1264 634 1309 706 ¹,
1334 634 1398 692 in
1426 648 1549 709 quo
1575 647 1894 707 suspensus
1938 646 2179 706 serpens

633 748 833 790 aeneus
857 731 968 789 fuit
991 731 1174 803 olim,
1200 731 1280 790 ad
1303 729 1473 803 quus
1493 731 1797 804 aspectum
1823 740 2031 785 omnes
2058 724 2179 783 sal-

633 826 959 891 vabantur,
1007 824 1113 900 qui
1157 824 1237 883 ab
1281 823 1478 897 ignitis
1521 821 1895 897 serpentibus
1936 819 2179 878 morde-

633 918 871 977 bantur.
902 918 1066 977 Unde
1097 922 1154 978 et
1180 917 1257 975 de
1291 918 1408 976 hoc
1435 916 1577 975 dicit
1621 916 1902 974 Dominus
1926 910 1994 945 ⁸·
1978 931 1995 970 z
2030 933 2061 966 α
2096 910 2177 972 si-

636 1018 734 1072 cut
758 1017 986 1089 Moyses
1014 1012 1295 1072 exaltavit
1322 1016 1657 1088 serpentem
1692 1012 1756 1069 in
1797 1009 2063 1083 deserto,
2095 1008 2179 1067 sic

634 1107 923 1167 exaltatus
950 1112 1038 1172 est
1072 1108 1141 1180 (a)
1179 1105 1338 1165 filius
1364 1106 1644 1179 hominis,
1685 1109 1753 1163 ut
1796 1104 2025 1176 omnis,
2073 1103 2178 1178 qui

636 1202 863 1261 credit
847 1217 914 1259 ιιι
936 1217 1106 1273 eum,
1134 1216 1260 1259 non
1300 1203 1531 1275 pereat,
1580 1199 1689 1258 sed
1729 1198 1949 1258 habeat
1991 1196 2180 1255 vitam

633 1300 933 1355 oeternam.
965 1316 995 1351 »
1027 1296 1208 1369 Igitur
1232 1294 1579 1354 hominibus
1610 1293 1733 1352 vita
1766 1298 1852 1352 est
1890 1308 1964 1350 ex
2004 1306 2179 1349 cruce

633 1390 953 1449 dominica.
1011 1392 1216 1449 Narrat
1262 1388 1423 1447 enim
1473 1386 1859 1446 Cassiodorus
1902 1388 1960 1459 ⁸,
2010 1385 2180 1461 quod

635 1486 885 1562 quidam
912 1484 1075 1561 apud
1102 1482 1675 1558 Constantinopolim
1701 1481 1846 1554 fuit,
1877 1481 1981 1556 qui
2020 1481 2176 1539 cbri-

636 1581 860 1639 stianus
903 1582 1060 1649 erat,
1108 1579 1215 1637 sed
1255 1577 1617 1636 dominicam
1659 1591 1894 1635 crucem
1922 1574 2177 1634 adorare

636 1674 898 1733 nolebat.
941 1671 1274 1732 infirmatus
1323 1672 1500 1745 igitur
1542 1670 1827 1743 nimium,
1874 1686 2013 1728 cum
2064 1684 2176 1743 pro

636 1769 824 1829 salute
850 1770 1088 1840 rogaret
1111 1766 1465 1837 Dominum,
1491 1765 1765 1840 apparuit
1799 1764 1854 1823 ei
1896 1762 2178 1837 angelus,

638 1878 874 1921 crucem
900 1861 989 1919 illi
1016 1859 1362 1932 ostendens,
1391 1865 1449 1918 et
1475 1857 1679 1917 dicens
1708 1877 1722 1916 ι
1755 1857 1814 1916 Si
1845 1856 1932 1917 vis
1959 1858 2175 1929 curari,

635 1957 791 2015 banc
818 1971 1051 2014 crucem
1079 1953 1287 2025 adora,
1317 1952 1462 2029 quia
1487 1968 1562 2010 ex
1588 1967 1712 2028 quo
1739 1952 1951 2011 mundi
1980 1952 2179 2011 Domi-

637 2067 750 2108 nus
789 2051 853 2107 in
891 2065 964 2107 ea
1005 2047 1324 2122 pependit,
1363 2046 1599 2104 nullum
1642 2061 1913 2120 unquam
1956 2044 2179 2104 benefl-

636 2145 796 2203 cium
821 2142 1050 2202 homini
1078 2141 1352 2211 contulit,
1401 2140 1515 2199 nisi
1556 2139 1639 2198 ob
1679 2140 1930 2213 gratiam
1965 2140 2176 2198 crucis.

637 2234 1018 2296 Constantino
1048 2236 1226 2294 etiam
1255 2234 1478 2292 dictum
1508 2232 1635 2292 est*
1661 2253 1675 2291 ι
1712 2255 1740 2288 ι
1773 2235 1834 2291 ln
1859 2234 1976 2292 hoc
2002 2233 2176 2306 signo

637 2331 902 2401 confide,
934 2336 989 2390 et
1013 2330 1231 2388 vinces.
1260 2347 1290 2384 n
1324 2328 1464 2399 Qui,
1502 2344 1640 2386 cum
1675 2327 1961 2386 vexillum
2001 2343 2179 2386 suum

636 2426 701 2483 in
723 2424 912 2483 crucis
934 2423 1189 2482 formam
1215 2423 1506 2493 vertisset,
1532 2421 1765 2480 nullum
1791 2420 2015 2480 invenit
2038 2422 2179 2480 hos·

637 2525 786 2592 tem,
816 2534 997 2593 quem
1023 2532 1148 2576 non
1174 2521 1474 2575 sterneret.
1503 2515 1719 2573 Dicitur
1746 2515 1925 2574 etiam
1961 2516 2024 2573 in
2064 2516 2181 2574 his-

637 2614 791 2673 toria
827 2613 1041 2673 eadem
1065 2614 1111 2684 ⁸,
1152 2613 1320 2688 quod
1361 2612 1562 2670 nullus
1601 2627 1869 2687 unquam
1909 2612 1970 2669 in
2013 2611 2178 2670 bello

636 2710 790 2767 illud
814 2708 875 2766 in
900 2708 1090 2767 crucis
1111 2707 1398 2767 vexillum
1422 2707 1785 2782 portantium
1821 2707 2017 2780 potuit
2051 2706 2180 2765 vul·

637 2803 854 2876 uetari,
877 2801 977 2860 vel
1005 2801 1220 2874 occidi,
1247 2801 1347 2859 vel
1371 2800 1506 2874 capi
1536 2819 1552 2857 ε
1582 2800 1730 2872 imo,
1754 2800 1901 2857 dum
1928 2800 2177 2874 quidam

639 2897 715 2954 de
754 2896 1126 2971 portantibus
1164 2893 1316 2952 illud
1360 2894 1544 2953 semel
1587 2893 1819 2953 timeret
1854 2895 2085 2967 hostes,
2123 2900 2181 2954 et

638 2990 738 3048 alii
783 2990 1021 3063 signum
1060 2988 1328 3059 tradens,
1375 3004 1438 3045 se
1488 2987 1566 3046 de
1611 2988 1812 3046 medio
1854 2988 2180 3060 subtraxit,

639 3083 739 3141 ille
766 3081 916 3141 inter
945 3081 1057 3140 tela
1083 3083 1364 3140 remansit
1386 3081 1635 3154 messus,
1664 3081 1762 3140 hic
1788 3085 1986 3140 autem
2016 3086 2179 3141 extra

639 3175 877 3249 sagittas
898 3174 1189 3233 lethaliter
1221 3178 1308 3232 est
1334 3190 1664 3249 percussus.
1695 3174 2059 3235 Manifestum
2094 3180 2181 3235 est

639 3269 818 3343 igitur
853 3284 931 3327 ex
962 3268 1305 3344 praemissis,
1344 3267 1513 3343 quod
1539 3269 1645 3342 qui
1675 3268 1753 3327 ab
1778 3269 1897 3327 hoc
1922 3269 2090 3343 ligno
2117 3286 2181 3329 se

638 3361 818 3434 longe
841 3361 1009 3433 facit,
1037 3364 1156 3419 vita
1179 3360 1382 3435 gratiae
1423 3376 1657 3434 carens,
1699 3366 1954 3422 mortem
1991 3363 2181 3438 culpae

639 3456 901 3514 incurrit.
933 3455 1216 3530 Exempla
1241 3455 1321 3514 ad
1356 3456 1474 3514 hoc
1507 3455 1695 3514 multa
1739 3473 1936 3530 quaere
1975 3457 2040 3514 in
2076 3459 2180 3516 Le-

641 3550 839 3624 genda
866 3548 1235 3608 exaltationis
1261 3551 1482 3608 Sanctae
1512 3549 1745 3622 Crucis,
1774 3555 1832 3608 et
1865 3549 1941 3608 de
1981 3551 2181 3609 Crucis

638 3642 978 3702 inventione
1004 3642 1158 3701 sacta
1181 3659 1292 3718 per
1312 3643 1610 3701 Helenam.
1633 3647 1816 3703 Narra
1841 3644 2176 3716 historiam,

542 3750 550 3757 ·
640 3738 785 3813 quia
814 3736 892 3795 ad
920 3736 1366 3812 praedicandum
1393 3741 1480 3795 est
1501 3737 1678 3795 valde
1703 3738 1992 3813 pulchra:
2023 3742 2083 3798 et
2117 3740 2180 3798 in

639 3831 912 3905 Legenda
946 3829 1136 3888 Sancti
1178 3830 1614 3904 christophori,
1658 3834 1715 3888 et
1757 3833 1978 3891 Sanctae
2019 3833 2183 3892 Chri-

639 3926 837 3999 stinoe,
867 3927 1002 3983 sunt
1030 3923 1207 3982 etiam
1249 3924 1499 3998 pulchra
1533 3925 1838 4001 exempla,
1867 3928 2179 4000 quomodo

640 4020 917 4079 diabolus
943 4021 1144 4078 timeat
1166 4020 1404 4094 signum
1433 4021 1641 4079 crucis.
1665 4024 1810 4080 Nam
1841 4024 1899 4080 et
1912 4022 2180 4082 Julianus

637 4117 979 4189 Imperator,
1012 4113 1159 4173 dum
1181 4113 1378 4173 adhuc
1398 4131 1546 4190 puer
1561 4120 1730 4188 esset,
1752 4120 1810 4174 et
1825 4117 1888 4173 in
1905 4120 2029 4175 arte
2058 4133 2181 4177 ma-

639 4208 773 4281 gica
790 4208 1138 4281 magistrum
1155 4209 1419 4279 haberet,
1438 4209 1675 4267 absente
1706 4211 2011 4283 magistro,
2029 4213 2176 4271 dum

636 4301 859 4360 librum
896 4303 1034 4361 artis
1077 4302 1356 4376 aperiret,
1400 4305 1459 4359 et
1484 4302 1784 4361 daemones
1814 4319 1960 4362 mox
1985 4307 2181 4365 venis-

637 4400 784 4468 sent,
813 4395 915 4454 ille
943 4394 1176 4466 timens,
1204 4395 1351 4454 dum
1377 4412 1439 4454 se
1469 4413 1638 4456 cruce
1666 4397 1979 4471 signasset,
2007 4405 2065 4458 et
2090 4401 2178 4460 illi

636 4507 778 4550 mox
827 4490 1219 4564 aufugissent,
1268 4489 1551 4564 magistro
1596 4490 1910 4567 redeunte,
1953 4494 2177 4556 factum

637 4585 941 4645 narravit:
974 4601 1159 4660 quare
1183 4585 1268 4643 sic
1292 4583 1611 4660 fugissent,
1649 4587 1729 4645 ab
1773 4603 1848 4646 eo
1888 4590 2173 4664 quoesivit.

638 4679 742 4739 Cui
773 4680 874 4739 ille
901 4698 917 4738 ε
941 4700 968 4735 α
996 4679 1149 4738 Nihil
1175 4680 1235 4737 in
1257 4678 1486 4738 mundo
1514 4679 1597 4739 sic
1620 4682 1920 4743 daemones
1947 4684 2175 4758 timent,

638 4777 787 4836 sicut
810 4777 928 4835 hoc
949 4776 1184 4850 signum
1210 4776 1407 4835 Crucis
1434 4779 1476 4834 ⁶.
1505 4796 1535 4833 n

707 4871 895 4930 Tertia
937 4871 1058 4929 vita
1097 4874 1186 4929 est
1230 4869 1354 4928 vita
1391 4871 1681 4930 oeternalis
1723 4889 1739 4930 e
1791 4877 1850 4931 et
1886 4873 2011 4932 haec
2056 4874 2179 4935 vita

702 4995 721 5030 ¹
751 4994 926 5053 Num„
957 5004 1076 5057 xxi,
1108 4995 1155 5043 9.
1193 5018 1255 5030 -
1294 4991 1317 5026 ⁸
1349 4995 1518 5056 «roan,
1551 5004 1638 5056 ιιι,
1668 4996 1744 5045 11,
1779 5020 1832 5031 -
1868 4995 1890 5030 ⁸
1923 4995 2176 5061 Cassiod,

638 5066 768 5117 nist.
814 5066 1042 5131 tripart„
1085 5063 1174 5114 lib.
1214 5065 1291 5127 11,
1335 5078 1382 5116 c.
1431 5078 1549 5130 ΠΧ,
1593 5065 1827 5130 Niceph„
1867 5067 1998 5118 Hist.
2039 5069 2176 5134 cccl„

638 5135 727 5188 lib.
756 5135 868 5198 vn,
897 5149 942 5186 c.
975 5147 1024 5186 t..
1050 5160 1110 5172 -
1137 5134 1158 5169 ⁸
1183 5134 1420 5201 Niceph.‚
1450 5136 1537 5186 ubi
1563 5150 1700 5201 sup.,
1730 5137 1816 5188 lib.
1849 5138 1985 5202 vlu,
2015 5152 2062 5189 c.
2093 5150 2175 5204 111,

639 5212 691 5259 et
715 5207 806 5259 lib.
840 5208 913 5272 11,
946 5220 994 5259 c.
1019 5218 1197 5273 xnvn3
1225 5208 1453 5272 sozom„
1481 5208 1613 5259 Hiet.
1642 5208 1784 5274 eccl„
1812 5208 1901 5259 lib.
1932 5209 1981 5274 1,
2015 5223 2062 5260 c.
2092 5221 2176 5264 111.

643 5306 696 5316 —
724 5280 744 5310 ⁸
770 5279 1018 5343 Cassiod„
1056 5279 1145 5331 ubi
1178 5294 1318 5345 sup.,
1353 5278 1443 5330 lib.
1485 5280 1534 5343 l,
1561 5294 1609 5330 c.
1639 5292 1721 5342 ιν,
1754 5281 1982 5344 sozom„
2010 5281 2103 5333 lib.
2133 5284 2175 5346 l,

641 5366 687 5404 c.
737 5364 814 5415 ιν,
858 5350 1091 5416 Niceph„
1135 5353 1269 5405 Hist.
1308 5352 1470 5418 eccle„
1513 5352 1600 5402 lib.
1650 5352 1796 5415 Vm,
1835 5367 1882 5404 c.
1926 5366 2074 5406 xxix.
2112 5382 2175 5395 —

1611 400 2030 469 SERMONES
2075 399 2178 469 DE
2220 400 2572 469 SANCTIS.
2614 400 2854 470 xxvii.

2290 552 2525 597 summa
2545 538 2688 611 vita,
2708 539 2838 599 sola
2859 539 3035 600 beata
3051 580 3074 613 ,
3090 540 3217 600 vita
3236 533 3492 616 pacifica
3516 541 3577 602 et
3601 552 3824 616 secura,

2286 648 2422 707 quae
2468 632 2729 692 consistit
2774 634 2836 693 in
2877 634 3102 694 visione
3145 635 3371 695 divina.
3410 639 3603 709 Tunc,
3638 636 3830 712 inquit

2285 726 2599 800 Apostolus
2620 730 2665 800 ⁷,
2699 747 2728 781 ι
2753 728 3115 803 apparebitis
3134 745 3274 787 cum
3299 730 3432 804 ipso
3460 730 3526 789 in
3552 730 3768 804 gloria.
3794 751 3822 786 ι

2289 822 2355 877 Et
2378 817 2400 853 ⁸
2438 838 2453 877 ε
2489 843 2517 873 «
2556 822 2849 891 Quoniam
2890 822 3055 897 apud
3096 828 3153 882 te
3198 827 3286 881 est
3330 823 3468 882 fons
3512 824 3666 883 vita.
3704 845 3737 879 ι
3766 827 3829 883 Et

2286 914 2570 973 Dominus
2590 913 2613 948 ⁹
2643 934 2659 973 ε
2696 935 2726 971 α
2750 919 2876 989 Ego
2904 932 3037 974 sum
3061 917 3191 989 via,
3226 918 3473 990 veritas,
3506 921 3566 977 et
3601 917 3765 977 vita:
3794 940 3821 973 ο

2284 1010 2402 1080 via,
2425 1008 2490 1066 in
2510 1008 2731 1067 meritis
2755 1008 2852 1068 vel
2879 1010 3165 1086 exemplis
3179 1030 3197 1083 3
3228 1016 3456 1087 emtas,
3480 1012 3548 1070 in
3575 1028 3829 1087 praecep·

2285 1101 2389 1173 tis;
2419 1108 2567 1170 vita,
2598 1104 2663 1162 in
2694 1107 2970 1180 praemiis.
2999 1107 3105 1165 Vel
3129 1111 3224 1165 via
3259 1107 3602 1179 deducens,
3628 1112 3830 1167 wita·

2286 1198 2543 1271 docens,
2566 1204 2689 1259 uita
2712 1202 3002 1262 reficiens.
3031 1204 3075 1241 ¹⁰
3108 1223 3138 1259 ιι
3164 1206 3295 1263 Haec
3328 1208 3416 1263 est
3439 1206 3570 1264 vita
3593 1207 3829 1275 aeterna,

2284 1296 2350 1351 ut
2374 1298 2735 1367 cognoscant
2760 1301 2816 1354 te
2840 1312 3051 1356 verum
3076 1299 3293 1369 Deum,
3321 1300 3380 1357 et
3406 1314 3595 1373 quem
3625 1297 3829 1356 misisti

2282 1389 2481 1446 lesum
2506 1388 2817 1448 Christum.
2847 1410 2877 1446 ιο
2905 1391 3259 1464 Cognoscat,
3282 1392 3560 1468 inquam,
3585 1407 3715 1451 non
3736 1408 3829 1450 co·

2287 1481 2551 1555 gnitione
2576 1482 2719 1555 vite,
2748 1500 2883 1559 quae
2918 1488 3006 1543 est
3028 1486 3314 1557 obscura,
3348 1486 3457 1544 sed
3487 1485 3831 1558 cognitione

2284 1575 2511 1650 patria,
2536 1592 2671 1652 quoe
2696 1580 2784 1636 est
2808 1583 3031 1652 aperta,
3060 1582 3128 1636 ut
3151 1579 3427 1638 videatur
3452 1582 3609 1637 Deus
3634 1578 3700 1637 in
3727 1594 3832 1636 sua

2285 1670 2565 1744 essentia,
2617 1688 2786 1747 quae,
2831 1673 2975 1747 quia
3016 1673 3083 1731 in
3127 1689 3362 1732 summo
3414 1677 3501 1732 est
3549 1671 3830 1746 pulchra,

2285 1779 2515 1822 summe
2533 1764 2785 1824 demetat
2808 1766 3093 1826 animam.
3113 1769 3243 1825 Hoec
3263 1769 3463 1825 autem
3483 1765 3831 1825 dulcissima

2286 1861 2625 1917 sanctorum
2677 1858 2799 1917 vita
2849 1864 2936 1919 est
2996 1859 3082 1919 eis
3126 1877 3203 1919 ex
3242 1860 3409 1933 ligno
3458 1860 3626 1930 vitm,
3664 1860 3829 1935 quod

2286 1955 2376 2009 est
2413 1951 2477 2010 in
2521 1952 2723 2011 medio
2764 1953 3063 2028 paradisi,
3100 1958 3167 2012 ut
3209 1954 3399 2029 possit
3439 1953 3518 2012 ab
3549 1953 3831 2011 omnibus

2285 2045 2655 2105 manducari.
2684 2046 2849 2107 Unde
2875 2047 3132 2122 loquens
3156 2050 3412 2107 loannes
3454 2047 3535 2104 de
3570 2047 3833 2107 Hierusa-

2285 2141 2407 2200 lem
2431 2141 2673 2214 coelesti,
2703 2142 2846 2201 dicit
2871 2141 2913 2178 ¹¹
2942 2161 2960 2198 ε
2990 2163 3020 2195 «
3047 2144 3112 2200 ln
3136 2141 3338 2201 medio
3365 2140 3579 2215 plateae
3600 2142 3733 2214 ejus
3758 2157 3831 2200 ex

2286 2240 2539 2309 utraque
2575 2239 2742 2310 perte
2777 2235 3039 2294 fluminis
3076 2235 3309 2308 lignum
3347 2233 3500 2293 vitae.
3539 2255 3568 2289 ι
3610 2236 3831 2292 Flu-n

2287 2329 2618 2402 appellatur
2643 2329 3012 2388 abundantia
3048 2328 3279 2402 gloriae,
3306 2344 3443 2403 quas
3469 2326 3716 2402 copiose
3750 2326 3830 2385 ad

2288 2422 2539 2480 modum
2563 2438 2736 2497 aqum
2760 2422 3024 2481 fluminis
3049 2421 3349 2481 redundat
3372 2422 3435 2480 in
3461 2424 3713 2481 sanctos
3734 2421 3777 2456 ¹¹
3805 2442 3825 2479 ε

2295 2539 2325 2573 αι
2366 2520 2649 2579 Fluminis
2683 2519 2943 2595 impetus
2984 2518 3239 2578 laetifieat
3285 2518 3587 2576 civitatem
3637 2519 3758 2575 Dei.
3796 2538 3826 2571 s

2288 2617 2353 2672 Et
2384 2616 2430 2651 ¹⁸
2460 2632 2528 2673 τα
2548 2614 2817 2673 Flumina
2845 2615 2922 2672 de
2950 2618 3153 2672 ventre
3180 2613 3310 2686 ejus
3333 2612 3523 2671 fluent
3547 2628 3723 2687 aquae
3742 2612 3832 2669 vi·

2286 2724 2396 2766 vae.
2443 2729 2473 2764 »
2520 2709 2566 2767 Ο
2610 2710 2951 2767 sanctorum
2990 2707 3166 2765 beata
3208 2705 3437 2779 gloria,
3484 2722 3562 2765 ex
3607 2705 3830 2765 Christo

2283 2803 2458 2873 «lesu,
2504 2802 2670 2875 ligno
2713 2801 2881 2874 vitm,
2929 2804 3201 2871 causata,
3248 2798 3354 2857 ubi
3398 2814 3526 2857 non
3568 2804 3831 2873 gustatm·

2287 2911 2429 2953 caro
2482 2899 2898 2970 peccatorum,
2944 2911 3068 2954 non
3126 2894 3365 2964 avium,
3408 2908 3538 2951 non
3583 2893 3829 2967 pisdum

2286 2989 2692 3062 marinorum,
2736 2988 2847 3047 sed
2884 2989 3081 3063 ipsum
3123 2988 3255 3045 vitae
3280 2987 3508 3060 lignum
3526 3029 3547 3058 ,
3571 2988 3829 3046 Verbum

2285 3083 2492 3157 utique
2519 3083 2916 3154 incarnatum,
2946 3082 3115 3156 quod
3138 3081 3516 3154 degustatum
3553 3080 3713 3140 adeo
3746 3084 3831 3138 est

2288 3176 2499 3248 dulce,
2535 3180 2601 3235 ut
2636 3176 2744 3235 illo
2784 3176 3122 3249 degustato,
3151 3190 3262 3233 nec
3295 3173 3580 3232 famescat
3615 3174 3827 3245 bomo,

2286 3286 2398 3328 nec
2424 3270 2578 3329 sitiat
2614 3270 2677 3328 in
2711 3272 3027 3329 aeternum!
3066 3269 3177 3327 Ubi
3209 3272 3345 3326 sunt
3379 3267 3688 3340 glutones,
3728 3267 3829 3341 qui

2288 3368 2561 3439 qtmrunt
2603 3363 2803 3422 dulcia
2845 3363 2986 3421 vina
3028 3367 3087 3421 et
3126 3360 3357 3429 fercula
3396 3361 3653 3436 sapida?
3693 3364 3831 3419 Nam

2286 3474 2507 3533 sponsa
2525 3459 2845 3532 degustans
2866 3457 2940 3516 de
2967 3456 3162 3515 fructu
3184 3456 3364 3529 hujus
3390 3454 3563 3528 ligni,
3592 3454 3736 3513 dicit
3757 3456 3827 3513 ²⁸:

2294 3573 2322 3605 κ
2349 3552 2470 3611 Sub
2502 3551 2716 3609 umbra
2740 3550 2880 3623 illis,
2904 3566 3087 3625 quem
3114 3549 3626 3619 desideraveram,
3659 3548 3827 3606 sedi:

2287 3650 2346 3704 et
2386 3645 2608 3704 fructus
2641 3645 2769 3718 eius
2804 3644 2997 3703 dulcis
3040 3643 3263 3717 gutturi
3306 3658 3467 3701 meo.
3506 3661 3536 3696 ι
3581 3641 3626 3678 ¹⁸
3658 3661 3695 3698 ιι
3725 3644 3829 3701 Co-

2287 3740 2484 3812 mede,
2511 3739 2620 3811 fili,
2656 3738 2800 3811 mel,
2829 3738 3117 3814 quoniam
3144 3736 3374 3795 bonum
3398 3742 3516 3810 est,
3544 3741 3609 3794 et
3631 3736 3830 3794 {avum

2288 3833 2697 3892 dulcissimum
2727 3833 2948 3906 gutturi
2976 3838 3099 3890 tuo.
3128 3851 3157 3889 a·
3192 3831 3304 3901 Qui
3328 3834 3639 3905 separatus
3660 3829 3831 3888 fuerit

2286 3928 2364 3987 ab
2394 3928 2510 3987 hoc
2535 3926 2739 4000 ligno,
2765 3926 2831 3984 in
2855 3926 2975 3984 fine
3003 3925 3333 4001 privabitur
3357 3924 3483 3982 vita
3509 3923 3751 3998 gloriae,
3774 3929 3829 3982 et

2286 4023 2547 4083 incurret
2569 4026 2825 4080 mortem
2851 4020 3250 4078 damnationis
3272 4022 3537 4090 aeteruae,
3577 4018 3685 4075 ubi
3725 4017 3829 4075 erit

2286 4117 2408 4175 vita
2432 4130 2667 4191 semper
2695 4114 2987 4187 moriens,
3018 4118 3075 4171 et
3098 4129 3261 4172 mors
3300 4128 3537 4186 semper
3576 4111 3824 4170 vivens:

2286 4211 2409 4270 vita
2451 4211 2575 4269 vita
2616 4224 2855 4281 carens,
2897 4212 2956 4267 et
2996 4224 3160 4265 mors
3185 4207 3341 4265 mori
3368 4207 3638 4265 nesciens
3665 4224 3682 4264 z
3710 4206 3827 4263 vita

2284 4305 2573 4375 mortalis,
2600 4308 2659 4362 et
2683 4319 2846 4362 mors
2871 4301 3087 4361 vitalis.
3107 4302 3153 4360 Ο
3172 4302 3222 4360 si
3249 4300 3465 4359 scirent
3488 4302 3826 4374 peccatores

2285 4398 2519 4470 miseri,
2545 4397 2749 4473 qualia
2774 4401 2911 4456 sunt
2933 4396 3202 4471 passuri,
3232 4411 3416 4470 quam
3446 4394 3656 4468 gravia
3676 4410 3824 4469 pon·

2290 4493 2438 4552 dera
2462 4507 2641 4567 super
2665 4507 2728 4550 se
2768 4492 3093 4565 portaturi,
3134 4505 3319 4565 quam
3351 4487 3666 4559 continue,
3703 4487 3825 4546 sine

2289 4585 2772 4662 interpolatione,
2799 4599 2925 4642 non
2950 4599 3119 4642 more
3144 4582 3326 4641 febris
3361 4587 3669 4658 quartanae
3682 4625 3707 4654 ,
3729 4582 3827 4639 vel

2287 4682 2572 4753 tertianae,
2604 4678 2712 4737 sed
2738 4680 3017 4737 continue
3044 4682 3181 4735 sunt
3215 4675 3443 4746 arsuri,
3468 4691 3655 4750 quam
3690 4691 3824 4749 gra-

2287 4775 2527 4834 vissima
2555 4773 2733 4847 iame,
2762 4776 2822 4831 et
2845 4772 2941 4831 siti
2965 4772 3290 4845 mortifera,
3321 4772 3440 4830 sint
3464 4787 3674 4830 carnes
3695 4786 3829 4845 pro-

2285 4868 2449 4943 prias
2489 4866 2814 4940 corrosuri,
2842 4881 3036 4936 nunc,
3067 4868 3402 4942 contempta
3426 4865 3551 4924 vita
3574 4868 3823 4937 nature,

2290 4985 2311 5016 ⁸
2346 4980 2464 5032 Vid.
2503 4980 2756 5041 Cassiod„
2786 4978 2877 5030 lib.
2913 4981 2952 5030 u
2971 5014 2990 5043 ,
3028 4992 3077 5030 c.
3106 4990 3273 5040 xvim
3301 4978 3537 5042 niceph„
3570 4977 3659 5030 lib.
3688 4979 3824 5040 vm,

2287 5069 2334 5107 c.
2379 5065 2524 5106 xxix.
2566 5079 2631 5091 —
2668 5053 2685 5084 ⁷
2730 5050 2861 5111 col„
2900 5062 2990 5116 ιιι,
3026 5054 3075 5102 4.
3107 5076 3171 5089 —
3212 5053 3231 5081 ⁹
3276 5048 3416 5101 Paul.
3457 5061 3617 5112 xxxv,
3658 5053 3738 5101 ιο.
3766 5076 3823 5086 -·

2285 5129 2305 5159 ⁰
2336 5129 2505 5189 leam,
2530 5136 2640 5186 xiv,
2670 5125 2719 5175 6.
2753 5148 2816 5160 —-
2841 5123 2887 5159 ¹⁰
2904 5125 3069 5185 loon„
3094 5134 3226 5185 xvix,
3253 5122 3303 5173 3.
3334 5148 3388 5160 -—
3420 5126 3465 5159 ¹¹
3491 5123 3670 5188 Apoc„
3697 5134 3825 5182 xm,

2286 5202 2334 5250 2.
2363 5222 2430 5236 -—
2462 5198 2506 5233 ²¹
2531 5194 2667 5249 Psal.
2695 5206 2815 5258 xm,
2838 5197 2887 5247 5.
2916 5220 2980 5234 -·-
3010 5195 3046 5225 ¹⁸
3064 5197 3229 5256 Ιοωι..
3256 5205 3351 5259 vu,
3382 5195 3464 5249 88.
3492 5218 3557 5232 —
3584 5193 3626 5228 ⁴⁸
3656 5194 3820 5254 cml..

2287 5281 2350 5335 11,
2375 5270 2425 5320 s.
2450 5294 2516 5308 -
2543 5267 2587 5304 ι·
2607 5268 2777 5333 prov„
2805 5274 2953 5331 mv,
2985 5266 3064 5319 ιι.

2348 5354 2418 5416 (a)
2445 5351 2560 5415 ιη.
2590 5348 2805 5402 exaltari
2832 5352 3052 5415 oportet.
