4059 6317
666 504 786 569 188

660 644 798 705 erat
852 644 1021 706 veste
1068 659 1324 725 aspersa
1371 642 1706 723 sanguine.
1753 663 1785 702 ι
1831 640 1973 707 Non
2022 643 2197 708 enim

661 745 859 831 impia
908 766 1245 831 synagoga
1304 748 1634 815 coronavit
1688 748 2009 814 Christum
2065 751 2200 816 solo

659 855 1010 921 diademate
1055 858 1276 943 spineo
1315 857 1765 941 ignominiosae
1810 859 2192 941 dolositatis;

659 963 789 1028 imo
817 982 1011 1046 super
1033 963 1189 1029 illud
1219 965 1456 1029 addidit
1499 965 1703 1032 multa
1741 967 1864 1031 alia
1894 967 2200 1034 deformia

661 1076 1015 1142 diademata
1076 1077 1506 1160 opprobriosae
1569 1079 2196 1163 contemptibilitatis,

662 1181 840 1248 Sicut
865 1184 1053 1249 hodie
1097 1184 1536 1266 magnificavit
1578 1203 1729 1249 eum
1758 1186 1968 1268 gloria
1994 1188 2197 1274 impe-

660 1290 799 1355 riali
817 1339 838 1370 ,
869 1294 933 1355 et
973 1291 1217 1357 honore
1262 1293 1467 1375 regiO,
1514 1296 1587 1357 ut
1616 1292 1895 1375 gloriose
1936 1296 2204 1362 intraret

661 1401 943 1463 sanctam
994 1397 1379 1477 Jerusalem,
1425 1399 1515 1462 sic
1559 1399 1629 1462 in
1677 1417 2015 1482 parasceve
2058 1404 2203 1467 fecit

662 1521 812 1568 eum
838 1504 1014 1569 exire
1036 1505 1115 1568 de
1142 1510 1359 1570 sancta
1394 1505 1744 1570 Jerusalem
1771 1524 1920 1570 cum
1950 1508 2198 1592 vitupe-

663 1610 760 1674 rio
786 1614 849 1674 et
875 1611 1239 1694 opprobrio.
1269 1612 1348 1677 Et
1373 1612 1681 1696 quidquid
1715 1614 1979 1678 honoris
2016 1615 2204 1680 hodie

664 1717 861 1800 impia
898 1737 1236 1803 synagoga
1280 1721 1587 1801 contulit,
1630 1722 1694 1785 in
1724 1723 1826 1787 die
1854 1722 2107 1787 veneris
2133 1724 2204 1787 in

663 1826 932 1891 dedecus
958 1829 1290 1894 convertit.
1335 1828 1495 1893 Nam
1536 1848 1651 1912 pro
1696 1830 1962 1895 floribus
1990 1831 2205 1913 impo-

665 1933 758 1997 nit
782 1935 922 2016 ejus
947 1935 1136 2018 capiti
1164 1954 1463 2000 coronam
1489 1938 1567 2002 de
1591 1938 1792 2020 spinis
1814 1960 1831 2016 ;
1866 1956 1981 2021 pro
2008 1940 2206 2003 ramis

664 2040 984 2106 olivarum
1013 2042 1337 2124 adaptavit
1381 2062 1633 2109 crucem
1673 2045 1947 2127 propriis
1973 2045 2202 2110 hume-

663 2149 789 2228 ris;
827 2167 942 2233 pro
969 2151 1362 2216 vestimentis
1387 2152 1458 2217 in
1485 2157 1658 2218 terra
1685 2154 2037 2236 prostratiS,
2066 2174 2207 2238 pro—

665 2256 805 2339 pria
831 2257 1210 2322 vestimenta
1235 2259 1353 2323 sibi
1384 2264 1578 2324 exuta
1599 2261 1666 2325 in
1695 2269 1971 2344 quatuor
1997 2266 2207 2344 partes

666 2365 911 2443 dlvisit3
942 2384 1058 2448 pro
1083 2366 1402 2447 laudibus„
1435 2368 1846 2451 blasphemiis
1870 2370 2209 2453 exprobra·

667 2474 782 2538 vit.
825 2473 903 2538 Et
931 2476 1083 2556 quia
1107 2478 1249 2557 post
1286 2476 1560 2557 gloriam
1593 2478 1918 2542 hodiernae
1943 2495 2214 2542 venera-

667 2581 894 2659 tionis,
926 2582 1110 2664 quasi
1150 2582 1218 2645 in
1258 2583 1482 2648 eodem
1526 2588 1850 2667 tempore,
1890 2584 1957 2647 in
1984 2584 2208 2649 eadem

667 2687 920 2754 civitate
940 2737 960 2767 ,
1004 2692 1069 2753 et
1113 2689 1194 2754 ab
1242 2691 1463 2755 eadem
1510 2691 1691 2775 plebe
1736 2691 2074 2756 subsecuta
2113 2696 2209 2756 est

666 2795 1028 2877 ignominia
1054 2797 1482 2880 opprobriosae
1513 2798 1822 2880 passionis
1844 2821 1861 2878 ;
1891 2798 2039 2863 ideo
2066 2817 2207 2863 ma·

668 2906 766 2968 ter
793 2902 1085 2982 Ecclesia,
1107 2908 1246 2986 post
1269 2904 1753 2987 processionem,
1773 2905 1907 2986 legi
1937 2906 2211 2971 instituit

670 3009 1047 3092 passionem.
1098 3011 1236 3095 lpse
1262 3017 1474 3077 autem
1505 3031 1622 3076 rex
1657 3011 1966 3091 chrisma,
2001 3014 2072 3078 in
2102 3033 2212 3079 cu-

663 3120 775 3200 jus
800 3117 1002 3199 capite
1030 3121 1212 3183 erant
1245 3120 1461 3183 omnia
1504 3118 1965 3202 ista'praedicta
2005 3120 2213 3186 diade·

675 3230 865 3304 mata,
895 3225 1170 3289 habebat
1194 3245 1428 3291 nomen
1459 3227 1767 3309 scriptum
1796 3246 1988 3310 super
2021 3234 2212 3312 caput

673 3351 866 3397 suum
910 3354 926 3398 ε
965 3333 1147 3427 Jesus
1187 3334 1572 3403 Nazarenus
1605 3335 1747 3401 Rea:
1797 3335 2169 3403 Judoeorum
2187 3386 2208 3417 ,

673 3443 844 3526 quod
870 3462 1060 3509 nemo
1091 3443 1606 3526 persequentium
1651 3461 1803 3507 eum
1847 3446 2028 3509 novit
2077 3464 2214 3511 esse

674 3569 902 3617 verum
928 3552 1052 3617 nisi
1079 3551 1380 3632 ChristuS,
1411 3555 1474 3616 et
1497 3552 1601 3617 cui
1628 3552 1746 3615 sibi
1774 3553 2010 3635 placuit
2040 3573 2215 3620 reve·

674 3661 829 3726 lare.
854 3658 932 3725 Et
962 3660 1228 3725 vestitus
1255 3665 1389 3725 erat
1425 3663 1599 3725 veste
1625 3661 1934 3743 corporali
1961 3678 2217 3745 aspersa

675 3766 931 3849 proprio
939 3786 1050 3831 san
1056 3767 1279 3849 guine.
1294 3766 1508 3832 Tertio
1518 3767 2002 3832 coronaviteum
2014 3772 2216 3831 mater

674 3893 811 3954 sua,
843 3874 1075 3939 scilicet
1104 3874 1322 3941 divina
1356 3874 1626 3958 justitia,
1656 3874 1983 3958 splendido
2008 3875 2219 3939 diade·

675 3985 845 4047 mate
853 3981 1113 4050 honoris
1129 3986 1193 4046 et
1211 3981 1437 4063 gloriae
1457 3983 1521 4046 in
1547 3982 2025 4046 resurrectione.
2046 3981 2123 4046 Et
2138 3983 2217 4046 de

674 4090 795 4154 hoc
836 4092 1043 4171 potest
1062 4088 1296 4171 exponi
1324 4088 1486 4152 illud
1508 4089 1526 4124 ¹
1554 4106 1571 4151 ε
1613 4111 1644 4149 α
1675 4086 1708 4152 J
1714 4088 1929 4152 ustitia
1955 4087 2217 4153 indutus

675 4216 841 4277 sum,
875 4201 937 4260 et
971 4196 1195 4262 vestivi
1225 4214 1329 4259 me
1342 4243 1365 4275 ,
1399 4196 1561 4260 sicut
1587 4197 1962 4260 vestimento
1992 4201 2056 4259 et
2080 4196 2218 4260 dia-

677 4302 947 4383 demate,
974 4303 1216 4385 judicio
1248 4320 1469 4366 meo.»
1507 4301 1668 4380 Quia
1696 4301 1997 4366 Dominus
2039 4301 2220 4367 Jesus

678 4410 962 4474 Christus
1018 4414 1267 4473 tantum
1319 4427 1388 4473 se
1435 4409 1801 4473 humiliavit
1828 4456 1850 4488 ‚
1905 4414 1981 4473 ut
2030 4410 2222 4476 vellet

677 4516 865 4596 tradi,
912 4521 977 4580 et
1016 4517 1288 4581 traditus
1311 4535 1351 4580 a
1376 4517 1810 4600 peccatoribus
1831 4517 2125 4599 judicari,
2158 4522 2221 4582 et

671 4624 992 4707 judicatus
1060 4628 1371 4706 tanquam
1436 4641 1588 4687 reus
1649 4624 2052 4690 condemnari
2081 4674 2099 4705 ,
2158 4631 2222 4691 et

678 4730 1134 4796 condemnatus
1174 4736 1380 4794 morte
1421 4729 1791 4812 turpissima
1815 4731 2034 4797 occidi.
2074 4732 2220 4798 Ideo

679 4837 1028 4901 secundum
1056 4836 1453 4901 infallibilem
1491 4836 1793 4917 regulam
1821 4837 2051 4903 divinae
2074 4842 2216 4921 jus·

678 4945 836 5009 titiae
859 4992 878 5025 ,
912 4963 1058 5028 quae
1097 4950 1192 5010 est
1218 4951 1242 4986 ⁸
1273 4966 1288 5009 ε
1324 4967 1355 5006 α
1385 4943 1505 5021 Qui
1539 4962 1610 5007 se
1636 4944 1934 5009 humiliat
1972 4947 2221 5011 exalta-

679 5051 872 5129 bitur,
904 5073 934 5111 a
973 5051 1288 5116 exaltatus
1327 5056 1422 5116 est
1447 5054 1707 5134 propter
1735 5071 1920 5116 suam
1950 5054 2222 5136 profun-

679 5157 826 5222 dam
856 5158 1284 5224 humilitatem
1312 5160 1382 5223 in
1408 5159 1642 5223 solium
1670 5159 1916 5242 regale,
1948 5165 2012 5225 et
2039 5180 2218 5228 coro·

681 5269 869 5331 natus
886 5269 983 5330 est
1006 5264 1360 5331 diademate
1385 5265 1647 5333 honoris
1671 5271 1734 5332 et
1764 5266 2011 5349 gloriae.
2044 5266 2221 5336 Unde

743 5430 761 5464 ¹
794 5428 912 5491 Job,
941 5442 1097 5496 xxix,
1132 5432 1207 5482 ¹4.
1239 5458 1298 5469 -
1329 5432 1352 5466 ²
1382 5430 1586 5485 Marna,
1611 5442 1782 5496 xxm,
1818 5431 1908 5496 123
1945 5433 2083 5496 Luc„
2111 5446 2220 5495 xxv,

685 5503 759 5555 11.
781 5526 845 5543 -
879 5501 902 5538 ⁸
928 5504 1076 5557 Hunc
1101 5506 1154 5554 et
1178 5516 1292 5571 seq.
1320 5515 1484 5570 usque
1512 5503 1578 5555 ad
1606 5516 1762 5554 serm.
1794 5516 1830 5568 ι,
1860 5504 2142 5568 exclusive,
2169 5506 2222 5560 in

1762 505 2181 575 SERMONES
2221 509 2322 577 DE
2361 509 2758 578 TEMPORE.

2308 650 2546 729 quanto
2577 664 2723 712 caro
2761 648 2904 730 ejus
2941 647 3064 713 fuit
3087 647 3281 713 vilius
3315 648 3387 712 in
3422 651 3662 713 terram
3701 666 3842 731 pro·

2308 754 2471 835 jecta
2492 802 2510 833 ,
2540 757 2718 819 tanto
2754 755 2979 837 majori
3011 754 3219 836 gloria
3244 759 3311 820 et
3334 756 3578 820 honore
3602 759 3695 819 est
3719 755 3841 819 cir·

2308 860 2623 926 cumdata.
2657 860 3001 944 Rogemu8‚
3033 865 3156 940 etc,

2847 1039 3135 1110 SERMO
3180 1040 3243 1111 11
3269 1051 3315 1108 ⁸.

2393 1181 2548 1248 Cum
2575 1183 3155 1266 appropinquasset
3195 1184 3506 1251 Dominus
3535 1185 3853 1269 Iex-osoly-

2308 1304 2482 1355 mam
2503 1336 2520 1366 ‚
2568 1297 2627 1356 et
2672 1292 2951 1357 venisset
2991 1289 3305 1372 Betphaqe
3352 1294 3398 1369 ⁸,
3444 1296 3562 1355 etc.
3608 1291 3681 1355 ln
3732 1292 3856 1356 hoc

2313 1401 2664 1484 Evangelio
2700 1403 3055 1467 ostenditur
3080 1401 3386 1467 Dominus
3420 1403 3852 1486 quadruplici-

2310 1512 2409 1573 ter
2433 1510 2783 1574 honoratus
2807 1509 3317 1574 :honoraverunt
3344 1510 3518 1573 enim
3547 1529 3699 1574 eum
3722 1511 3851 1574 asi·

2313 1633 2472 1679 num
2524 1617 2823 1680 ducentes
2843 1665 2860 1697 ‚
2930 1617 3306 1682 vestimenta
3357 1621 3856 1700 prosternentes„

2312 1742 2525 1789 ramos
2579 1725 2900 1789 mittentes
2917 1773 2937 1803 ,
2965 1723 3214 1791 Osanna
3248 1725 3608 1789 clamantes.
3639 1724 3714 1788 In
3758 1725 3861 1789 his

2314 1833 2527 1898 verbis
2554 1832 2956 1913 significatur
2972 1880 2994 1911 ,
3025 1833 3195 1915 quod
3229 1831 3302 1896 in
3337 1837 3609 1915 quatuor
3650 1833 3862 1897 causis

2315 1939 2595 2005 maxime
2617 1939 2971 2004 honoratur
2998 1939 3184 2017 Deus,
3206 1939 3495 2004 videlicet
3511 1941 3863 2022 peccatoris

2315 2046 2731 2110 conversione
2750 2092 2772 2124 ,
2829 2046 3109 2129 corporis
3160 2044 3556 2127 expositione
3576 2093 3596 2125 ‚
3644 2049 3864 2129 operis

2315 2153 2726 2233 exhibitione,
2761 2153 2890 2217 oris
2917 2153 3404 2235 glorificatione.
3427 2152 3645 2218 Prima
3664 2154 3866 2237 signi-

2314 2263 2542 2328 ficatur
2569 2264 2637 2327 in
2662 2263 2826 2326 asini
2862 2263 3238 2328 adductione
3281 2264 3360 2328 ad
3398 2263 3617 2330 «lesum
3656 2288 3672 2329 z
3704 2267 3866 2350 quid

2315 2369 2489 2435 enim
2522 2374 2619 2434 est
2642 2373 2930 2452 peccator
2949 2416 2967 2449 ‚
2992 2370 3116 2433 nisi
3138 2370 3379 2450 asinuS,
3411 2372 3524 2454 qui
3551 2371 3721 2438 sicut
3746 2373 3867 2438 asi-

2317 2498 2440 2544 nus
2486 2478 2751 2544 stolidus
2791 2482 2885 2543 est
2925 2479 3218 2544 sensibus
3227 2527 3249 2559 ,
3281 2483 3345 2544 et
3382 2482 3566 2565 piger
3610 2482 3680 2546 in
3708 2484 3868 2546 acti-

2316 2586 2438 2651 bus
2456 2586 2487 2648 ?
2516 2584 2875 2651 Bernardus
2902 2592 2925 2626 ⁸
2965 2608 2980 2650 z
3022 2610 3053 2647 (ι
3078 2586 3266 2665 Puto,
3296 2589 3349 2651 si
3372 2589 3672 2670 jumenta
3716 2607 3868 2671 pos·

2316 2696 2458 2757 sent
2497 2691 2695 2776 loqui,
2731 2693 3010 2758 dicerent
3040 2715 3056 2759 t
3100 2694 3257 2759 Ecce
3294 2695 3410 2759 iste
3434 2694 3632 2759 bomo
3666 2696 3872 2761 factus

2318 2805 2411 2865 est
2454 2800 2640 2884 quasi
2678 2821 2848 2866 unus
2894 2820 2976 2866 ex
3024 2802 3229 2867 nobis,
3262 2823 3294 2861 n
3330 2801 3445 2865 Hic
3482 2807 3577 2867 est
3616 2803 3865 2881 asinae,

2318 2910 2431 2994 qui
2470 2910 2702 2974 timore
2739 2910 2975 2975 divinae
3004 2910 3357 2975 severitatis
3382 2913 3740 2993 correptae,
3771 2910 3869 2974 lo-

2318 3017 2562 3100 quitur,
2608 3017 2771 3082 sicut
2819 3018 3255 3099 significatum
3292 3018 3492 3082 estin
3522 3019 3704 3083 asina
3746 3018 3868 3082 Ba-

2318 3122 2686 3206 laam⁸,quae
2699 3124 2920 3191 videns
2933 3124 3644 3206 evaginatumgladium
3658 3124 3758 3188 An
3765 3143 3875 3207 ge-

2319 3231 2390 3310 li,
2406 3233 2743 3298 locutaest.
2768 3233 3028 3299 Gladius
3059 3236 3154 3296 est
3166 3232 3400 3298 divinae
3409 3233 3680 3316 justitiae
3697 3253 3876 3299 seve-

2320 3339 2474 3403 ritas
2497 3387 2514 3416 ,
2544 3358 2693 3423 quae
2733 3358 2905 3404 nune
2949 3340 3102 3405 latet
3128 3341 3195 3404 in
3226 3341 3467 3422 vagina
3499 3341 3875 3406 misericor-

2321 3447 2467 3524 diae,
2500 3448 2611 3512 sed
2636 3449 2965 3530 injudicio
2995 3450 3465 3531 evaginabitur.
3485 3449 3668 3514 Hunc
3687 3449 3873 3515 videt

2322 3556 2523 3634 asina,
2550 3555 2807 3637 quando
2835 3555 3235 3620 severitatem
3258 3556 3482 3640 judicii
3511 3556 3879 3622 considerat

2322 3664 2641 3746 peccatrix
2667 3664 2921 3743 anima;
2958 3667 3022 3729 et
3048 3669 3205 3729 tunc
3221 3665 3505 3747 loquitur
3530 3664 3599 3729 in
3627 3666 3879 3730 confes·

2324 3773 2502 3835 sione
2543 3775 2607 3835 et
2647 3771 2956 3835 oratione.
3002 3771 3271 3836 Asinum
3323 3790 3485 3854 ergo
3529 3771 3609 3835 ad
3645 3771 3877 3841 Jesum

2325 3876 2612 3958 adducit,
2656 3878 3044 3962 quicumque
3099 3883 3489 3962 peccatorem
3534 3879 3614 3942 ad
3665 3879 3877 3944 Deum

2326 3986 2661 4051 convertit.
2685 3986 2734 4050 Ο
2755 3986 2807 4049 si
2833 4004 3038 4050 unum
3058 3986 3307 4049 asinum
3330 3985 3523 4050 hodie
3546 3984 3629 4048 ad
3650 3984 3878 4051 lesum

2326 4092 2641 4157 adducere
2668 4111 2914 4176 possem
2942 4096 2958 4156 1
2989 4092 3174 4158 Jesus
3208 4097 3422 4157 tamen
3450 4110 3578 4156 non
3604 4092 3789 4158 sedet
3812 4095 3881 4157 in

2325 4200 2505 4263 asino
2547 4199 2773 4282 ligato,
2819 4199 2930 4266 Vis
2972 4218 3133 4282 ergo
3167 4217 3303 4264 esse
3347 4199 3563 4263 asinus
3591 4198 3879 4264 Christi?

2325 4306 2427 4371 vis
2452 4305 2673 4371 Jesum
2700 4312 2956 4389 portare
2979 4309 3011 4370 ⁶?
3039 4307 3305 4371 solvaris
3332 4307 3508 4389 prius
3533 4325 3573 4370 a
3599 4307 3882 4373 vinculis

2328 4418 2730 4496 peccatorum
2749 4414 2773 4450 '¹
2801 4435 2816 4477 ε
2856 4437 2887 4475 α
2906 4413 3096 4478 Solve
3113 4414 3370 4480 vincula
3389 4412 3533 4477 colli
3552 4414 3673 4493 tui,
3697 4437 3731 4474 n
3752 4420 3875 4480 etc.

2408 4521 2778 4587 Secundum
2820 4522 3146 4603 figuratur
3189 4523 3258 4585 in
3299 4522 3697 4587 vestimentis
3726 4543 3877 4606 pro-

2329 4629 2541 4693 stratis
2571 4650 2586 4693 :
2618 4628 2776 4712 quid
2804 4630 2976 4693 enim
3010 4646 3274 4711 corpora
3306 4633 3525 4692 nostra
3549 4634 3722 4709 sunt,
3753 4630 3883 4695 nisi

2330 4737 2625 4820 quaedam
2681 4736 3048 4801 animarum
3103 4735 3535 4801 vestimenta?
3562 4736 3586 4770 ⁸
3619 4758 3652 4796 α
3681 4735 3883 4814 Quasi

2334 4844 2602 4926 putredo
2634 4843 3105 4908 consumendus
3152 4859 3296 4906 sum
3321 4889 3338 4920 ,
3380 4845 3444 4905 et
3471 4842 3654 4926 quasi
3682 4844 3881 4908 vesti·

2333 4955 2624 5016 mentum
2641 5000 2663 5030 ,
2696 4952 2867 5035 quod
2894 4951 3277 5028 comeditur,
3305 4970 3337 5008 υ
3371 4954 3491 5014 etc.
3522 4949 3654 5014 Hoc
3681 4953 3886 5016 vesti-

2330 5062 2622 5123 mentum
2655 5060 2721 5121 in
2751 5059 2855 5124 via
2882 5058 3256 5140 prosternit,
3285 5055 3400 5140 qui
3427 5074 3657 5139 corpus
3682 5077 3884 5123 suum

2328 5185 2444 5249 pro
2470 5166 2713 5231 Christo
2754 5165 3039 5249 exponit.
3070 5163 3118 5230 Ο
3151 5164 3204 5229 si
3232 5183 3680 5248 pensaremus,
3712 5186 3880 5251 quo-

2327 5367 2532 5417 Resurr.
2570 5366 2742 5429 Dom.,
2770 5364 2925 5416 habet
2955 5375 3158 5429 quoque
3193 5362 3315 5414 edit.
3345 5362 3503 5414 Paris.
3529 5327 3796 5417 au.1521.
3822 5391 3878 5404 -—

2332 5440 2349 5469 ⁴
2383 5438 2585 5502 Mutila„
2618 5450 2737 5503 xxr,
2767 5444 2812 5491 1.
2845 5465 2900 5476 -
2933 5438 2955 5473 ⁸
2989 5439 3139 5488 Bern.
3168 5461 3232 5474 -
3266 5437 3287 5468 ⁸
3316 5437 3495 5495 Num„
3522 5449 3669 5503 xxii,
3698 5442 3784 5491 81.
3818 5465 3881 5480 —

2332 5509 2349 5539 ⁹
2380 5509 2502 5573 Iso„
2528 5520 2625 5572 Lu,
2651 5513 2699 5562 2.
2721 5535 2784 5552 -
2809 5511 2828 5541 ⁸
2846 5508 2954 5571 Job,
2984 5520 3112 5573 xm,
3139 5509 3220 5559 28.
