4059 6317
531 528 651 592 284

534 659 741 741 igitur
766 662 859 742 te,
890 661 1097 741 Pater,
1141 665 1218 729 ut
1242 662 1461 729 mittas
1486 662 1798 730 Lazarum
1836 662 1908 728 in
1949 664 2064 730 do-

538 784 723 833 mum
749 769 948 852 patris
972 770 1102 835 mei
1131 792 1147 836 ε
1172 770 1397 837 ‘habeo
1422 772 1595 837 enim
1621 771 1913 855 quinque
1936 770 2065 836 tra-

536 877 666 951 tres
696 897 712 940 2
742 880 817 941 ut
856 879 1120 943 testetur
1144 877 1269 942 illis
1284 926 1307 959 ‚
1353 897 1436 943 ne
1462 880 1533 952 et,
1558 879 1680 962 ipsi
1707 879 1970 944 veniant
1998 877 2068 942 in

536 981 753 1049 locum
795 985 970 1051 hunc
1012 989 1499 1053 tormentorum.
1542 1009 1573 1049 ιι
1611 986 1799 1053 Dives
1844 986 1953 1051 ille
1998 986 2068 1051 in

541 1091 787 1164 inferno
811 1094 1114 1159 nuntium
1138 1094 1377 1160 habere
1402 1112 1534 1160 non
1560 1094 1766 1177 potuit
1782 1093 1864 1159 ad
1890 1092 2072 1177 quin-

541 1218 669 1283 que
704 1201 928 1266 fratres
961 1218 1134 1267 suos.
1179 1201 1456 1281 Quilibet
1491 1219 1648 1284 ergo
1681 1200 1751 1267 in
1781 1201 1904 1266 bac
1937 1200 2072 1266 vita

541 1308 822 1373 amicum
838 1327 1029 1375 suum
1049 1313 1466 1393 praemoneat,
1491 1327 1683 1393 quem
1705 1309 1773 1373 in
1791 1307 2072 1392 periculo

542 1414 740 1496 videt,
769 1416 882 1500 qui
915 1416 984 1480 in
1011 1417 1261 1482 inferno
1296 1434 1430 1484 non
1456 1418 1659 1500 potest
1689 1434 2072 1482 succurren-

544 1526 672 1592 tem
705 1522 983 1606 aliquem
1013 1523 1327 1589 invenire.

620 1629 711 1698 De
744 1629 927 1695 tertio
954 1631 972 1669 ¹
1006 1651 1023 1696 t
1065 1652 1098 1691 α
1123 1629 1191 1696 Si
1218 1630 1391 1696 enim
1418 1648 1549 1697 non
1586 1632 1841 1712 abiero,
1876 1631 2069 1698 Para-

544 1737 733 1808 clitus
773 1756 906 1803 non
940 1739 1154 1804 veniet
1193 1739 1275 1804 ad
1319 1756 1459 1805 vos.
1490 1760 1521 1797 n
1554 1738 1648 1804 Ac
1681 1739 1737 1802 si
1779 1738 2014 1804 diceret
2050 1762 2067 1803 ε

546 1844 678 1911 Nisi
722 1845 1018 1911 dederitis
1062 1846 1234 1931 quod
1270 1846 1501 1912 amatis
1515 1894 1535 1926 ‚
1584 1864 1716 1911 non
1760 1846 2075 1912 habebitis

546 1953 715 2035 quod
735 1953 1120 2019 desideratis.
1147 1960 1171 1995 ²
1195 1976 1227 2014 α
1247 1952 1398 2018 Date
1415 2000 1433 2031 ‚
1457 1957 1520 2018 et
1536 1953 1790 2020 dabitur
1809 1952 2012 2020 vobis.
2042 1975 2074 2015 n

542 2059 900 2126 Bernartius
931 2063 956 2100 ⁸
983 2080 999 2124 :
1026 2084 1058 2123 α
1100 2059 1362 2126 Gratum
1402 2060 1721 2144 quoddam
1760 2078 2077 2126 commer-

542 2167 713 2234 cium
746 2167 916 2233 inter
941 2167 1173 2233 coelum
1201 2171 1267 2233 et
1292 2171 1530 2233 terram
1555 2167 1773 2233 existit
1795 2169 2079 2233 celebra-

545 2384 769 2450 solatio
798 2384 1089 2450 Paracliti
1118 2385 1198 2467 (a)
1214 2431 1233 2463 ,
1270 2387 1559 2467 essetque
1586 2383 1657 2449 in
1696 2388 1868 2450 terra
1901 2385 2080 2468 spiri·

542 2497 676 2572 tus,
709 2509 856 2556 caro
881 2492 953 2556 in
978 2491 1181 2572 coelis,
1208 2509 1283 2556 ac
1304 2491 1599 2575 deinceps
1623 2491 1840 2558 omnia
1867 2495 2079 2556 essent

542 2599 909 2664 communia
935 2599 1006 2662 in
1036 2602 1376 2664 aeternum.
1409 2622 1440 2659 n
1477 2598 1641 2665 Nota
1665 2600 1836 2683 quod
1861 2598 2022 2665 dixit
2053 2619 2069 2663 ι

540 2705 694 2772 Nisi
713 2721 820 2788 eqo
846 2703 1081 2773 abiero.
1115 2702 1255 2770 Non
1281 2707 1453 2771 enim
1470 2709 1616 2771 ante
1642 2706 2077 2772 ascensionem

538 2830 723 2879 suam
745 2811 922 2876 misit
937 2813 1030 2877 eis
1047 2810 1454 2892 paraclitum,
1473 2831 1602 2878 non
1618 2817 1877 2897 propter
1890 2831 2078 2878 suam

537 2920 1132 3005 impotentiam‚·sed
1151 2921 1303 3002 quia
1328 2921 1449 3004 ipsi
1475 2921 1787 3004 corporali
1806 2939 2079 3003 praesen·

540 3028 629 3092 h'a
651 3027 883 3094 Christi
907 3027 1186 3093 contenti
1203 3031 1404 3092 erant.
1436 3027 1832 3093 Bernardus⁸
1859 3048 1877 3094 ε
1903 3051 1935 3091 ι
1966 3028 2080 3094 De-

538 3135 726 3200 licata
751 3138 845 3200 est
870 3135 1091 3200 divina
1124 3135 1498 3215 consolatio,
1541 3153 1673 3202 non
1711 3136 1898 3200 datur
1930 3153 2079 3201 om·

540 3243 695 3310 nino
729 3242 1207 3309 admittentibus
1239 3241 1317 3323 (b)
1365 3241 1660 3308 alienam.
1686 3264 1717 3303 s
1754 3243 1912 3309 ltem
1946 3261 2082 3310 non

541 3351 752 3417 decuit
769 3350 983 3433 ipsum
1009 3351 1316 3415 miserum
1338 3349 1555 3414 dotare
1573 3367 1792 3415 servos
1808 3369 1958 3415 suos
1974 3370 2075 3416 se-

541 3458 824 3524 cundum
880 3457 1163 3522 Glossam
1215 3456 1284 3521 in
1326 3455 1634 3522 loannem
1674 3457 1696 3494 ⁸
1727 3479 1744 3522 ι
1792 3456 2082 3540 'Spiritus

542 3564 831 3633 nondum
849 3613 873 3646 ,
913 3568 1032 3630 etc.
1080 3564 1153 3630 Si
1196 3569 1407 3631 autem
1454 3564 1700 3645 abiero,
1741 3583 1872 3630 non
1909 3565 2082 3630 enim

543 3676 689 3740 ante
709 3721 731 3754 ‚
764 3674 1021 3740 mittam
1060 3687 1202 3739 eum
1227 3670 1319 3738 ad
1344 3687 1475 3738 vos.
1515 3672 1608 3735 Ac
1642 3671 1698 3736 si
1723 3672 1954 3756 aliquis
1985 3673 2086 3737 di-

545 3785 714 3847 ceret
746 3802 761 3845 :
796 3778 865 3844 Si
892 3796 1024 3844 non
1050 3778 1269 3844 abiero
1296 3778 1367 3842 in
1394 3777 1722 3843 cellarium
1748 3826 1766 3856 ‚
1807 3797 1938 3844 non
1964 3779 2080 3845 ha-

544 3887 776 3956 bebitis
802 3887 1052 3952 vinum.
1107 3884 1320 3951 Gratia
1347 3888 1520 3952 enim
1569 3885 1844 3969 Spiritus
1877 3890 2081 3953 sancti

545 3994 777 4060 vinum
805 3996 899 4059 est
924 3993 947 4028 ⁸
976 4015 994 4056 z
1038 4015 1068 4053 α
1095 3991 1304 4058 Musto
1327 3992 1500 4077 pleni
1527 3997 1682 4058 sunt
1708 3994 1834 4058 isti.
1864 4016 1895 4054 a>
1928 3994 2087 4062 Item

544 4121 620 4167 ac
662 4101 718 4166 si
753 4101 1071 4167 diceretur
1103 4120 1118 4164 z
1150 4098 1220 4164 Si
1263 4100 1470 4165 nubes
1512 4118 1646 4166 non
1689 4097 2083 4184 ascenderit,

544 4208 766 4295 pluvia
796 4226 927 4273 non
955 4206 1320 4287 descendet,
1363 4206 1598 4271 scilicet
1634 4210 1849 4289 gratia
1891 4209 2089 4293 Spiri-

546 4319 653 4381 tus
681 4316 901 4381 sancti.
942 4314 966 4350 '¹
1012 4336 1043 4376 α
1068 4312 1229 4380 Ecce
1272 4312 1592 4378 nubecula
1629 4333 1861 4399 parva,
1902 4317 2090 4400 quasi

548 4422 898 4505 vestigium
927 4420 1205 4486 hominis
1218 4467 1240 4500 ‚
1279 4422 1655 4487 ascendebat
1696 4422 1774 4488 de
1819 4424 2029 4505 mari,
2050 4447 2082 4487 a

548 4529 615 4595 id
641 4533 735 4594 est
772 4529 1038 4594 humilis
1065 4545 1212 4593 caro
1255 4527 1482 4594 Christi
1509 4529 1588 4594 de
1615 4530 1882 4595 mundo.
1930 4530 2091 4597 Item

549 4656 624 4702 ac
651 4636 707 4701 si
738 4636 1053 4702 diceretur
1083 4657 1099 4701 ε
1127 4635 1194 4701 Si
1222 4635 1316 4701 sol
1341 4654 1471 4700 non
1497 4636 1720 4701 abierit
1746 4636 1817 4702 in
1845 4638 2048 4704 altum
2068 4689 2086 4719 ,

551 4763 683 4830 non
710 4743 943 4809 senties
969 4742 1265 4810 calorem.
1296 4742 1476 4807 Calor
1506 4747 1722 4808 autem
1764 4747 1858 4809 est
1888 4746 2094 4813 virtus

552 4850 831 4937 Spiritus
857 4851 1093 4931 sancti3
1128 4851 1421 4917 Psalmus
1444 4849 1467 4885 ⁸
1502 4874 1517 4915 :
1550 4874 1581 4912 α
1610 4849 1923 4918 Occursus
1950 4857 2094 4937 ejus

551 4978 758 5044 usque
784 4959 864 5024 ad
885 4976 1236 5038 summum,
1262 4980 1293 5020 n
1314 4961 1433 5023 etc.
1455 4955 1614 5022 Dicit
1645 4980 1661 5022 ι
1692 4958 1841 5029 Non
1855 4968 1949 5030 est
1977 4963 2095 5044 qui

556 5084 621 5135 sc
646 5066 1031 5146 abscondat,
1081 5066 1251 5150 quod
1295 5069 1392 5130 est
1421 5065 1689 5147 signum
1735 5069 2094 5149 praesentiae

554 5177 719 5259 ejus.
747 5174 1142 5239 Bernardus⁹
1171 5195 1186 5240 ε
1218 5195 1249 5234 α
1273 5172 1539 5238 Nullum
1568 5172 1833 5255 signum
1860 5176 2095 5242 certius

619 5301 638 5336 ¹
661 5299 828 5365 Joan„
850 5312 959 5365 xvi,
983 5302 1031 5351 7.
1063 5327 1117 5337 -
1154 5299 1173 5331 ²
1200 5299 1338 5361 Luc„
1362 5310 1434 5364 vr,
1464 5300 1544 5349 38.
1569 5323 1631 5337 --
1661 5298 1683 5334 ⁸
1705 5300 1879 5362 Rern„
1901 5301 1955 5350 in
1974 5303 2094 5366 fest.

557 5373 771 5433 Pentec„
800 5385 956 5424 serm.
982 5384 1065 5435 111,
1085 5386 1140 5423 n.
1170 5374 1220 5423 2.
1247 5397 1306 5409 -
1335 5372 1353 5402 ⁴
1384 5371 1481 5435 ld„
1509 5370 1564 5421 in
1591 5369 1726 5422 Psal.
1758 5371 1857 5434 Qui
1879 5371 2096 5437 habitat,

558 5457 714 5495 serm.
746 5456 832 5508 1¹,
857 5458 912 5495 n.
942 5445 990 5505 6,
1025 5443 1195 5508 quoad
1222 5456 1447 5494 sensum.
1477 5466 1538 5480 —
1564 5443 1587 5478 ⁸
1611 5444 1775 5501 loon..
1796 5455 1903 5508 vu,
1928 5447 2007 5496 39.
2035 5473 2098 5484 -

556 5516 581 5555 ⁶
600 5514 739 5580 Act„
765 5526 804 5566 11
815 5550 832 5579 ,
860 5516 936 5567 13.
969 5540 1021 5552 -
1055 5515 1072 5539 '
1102 5515 1167 5566 til
1197 5514 1337 5579 fleo..
1361 5524 1526 5576 xvni,
1550 5515 1630 5565 44.
1652 5539 1705 5551 --
1734 5512 1758 5552 ⁸
1784 5514 1919 5574 Psal.
1944 5527 2098 5582 xvm,

1623 525 2042 596 SERMONOE
2080 526 2183 595 DE
2220 526 2614 598 TEMPORE.

2175 665 2527 747 praesentiae
2549 664 2823 748 Spiritus
2848 665 3071 744 sancti,
3091 681 3289 749 quam
3316 661 3714 731 maurium

2175 772 2500 856 amplioris
2536 772 2709 838 boni.
2742 793 2775 834 n
2804 769 2961 837 Item
2988 789 3072 837 ex
3097 776 3277 838 motu
3312 772 3521 838 cordis
3565 774 3718 855 eJus

2175 879 2458 946 intellexi
2481 879 2887 963 praesentiam
2911 882 3074 963 ejus.
3117 878 3287 964 Coepi
3312 879 3486 946 enim
3532 879 3719 946 evel-

2176 986 2339 1068 lere,
2366 991 2431 1052 et
2453 986 2807 1066 dearuere,
2836 987 3125 1071 plantare
3151 991 3216 1052 et
3240 977 3559 1053 aediflcare
3570 1034 3593 1067 ‚
3623 986 3720 1051 ri-

2181 1112 2340 1177 gare
2382 1094 2559 1159 arida
2576 1142 2595 1175 ,
2660 1096 2991 1160 tenebrosa
3030 1094 3395 1160 illuminare
3410 1142 3429 1176 ‚
3493 1093 3722 1162 clausa

2179 1219 2498 1282 reserare,
2527 1201 2765 1284 frigida
2786 1202 3205 1268 inflammare.
3251 1200 3385 1267 Hoc
3427 1201 3590 1267 mihi
3627 1200 3724 1265 si-

2183 1326 2386 1390 gnum
2408 1357 2428 1389 ‚
2474 1308 2765 1376 videlicet
2807 1310 3199 1398 ascendentis
3249 1333 3267 1376 ι
3314 1310 3515 1375 tristis
3539 1356 3559 1390 ‚
3607 1311 3726 1376 in-

2180 1434 2406 1499 quam,
2433 1416 2509 1481 fit
2532 1417 2747 1482 anima
2784 1435 2929 1482 mea
2945 1464 2965 1498 ‚
3004 1417 3203 1484 donec
3240 1420 3599 1485 revertatur
3644 1418 3726 1484 in

2182 1526 2417 1588 terram
2444 1540 2654 1603 suam,
2683 1527 2747 1588 et
2771 1524 2958 1590 solito
2973 1524 3304 1591 incalescat
3327 1542 3439 1590 cor
3462 1541 3688 1590 meum
3702 1572 3723 1589 .

2260 1630 2348 1696 De
2377 1633 2606 1714 quarto
2632 1631 2677 1668 ¹⁰
2708 1651 2727 1697 ε
2768 1652 2799 1693 α
2825 1632 2963 1710 Quo
2989 1632 3147 1698 abiit
3173 1632 3436 1698 dilectus
3468 1635 3645 1712 tuus,
3679 1649 3727 1697 o

2182 1737 2608 1821 pulcherrima
2676 1738 3023 1805 mulierum
3067 1741 3099 1804 ⁴?
3170 1757 3301 1823 quo
3377 1738 3730 1808 declinavit

2182 1845 2446 1910 dilectus
2471 1849 2657 1926 tuus,
2699 1850 2763 1911 et
2806 1863 3175 1930 quaeremus
3199 1865 3351 1913 eum
3378 1850 3592 1913 tecum
3612 1848 3645 1912 ⁶?
3680 1868 3719 1907 n

2183 1951 2460 2018 Pulchra
2487 1953 2608 2018 fuit
2632 1953 2905 2019 Eoelesia
2934 1953 3043 2019 illa
3084 1957 3231 2020 ante
3268 1955 3523 2037 legem;
3564 1953 3727 2038 pul·

2183 2059 2395 2125 chrior
2418 2060 2530 2125 illa
2569 2061 2690 2126 sub
2731 2060 2907 2143 lege3
2958 2062 3389 2160 pulcherrima
3429 2063 3554 2129 ista
3592 2062 3727 2127 sub

2185 2167 2533 2249 Evangelio
2546 2215 2565 2249 ‚
2594 2172 2737 2250 post
2780 2168 2993 2251 legem
3017 2173 3083 2234 et
3127 2173 3412 2253 tempore
3454 2169 3721 2252 gratiae.

2187 2271 2394 2355 Huius
2420 2291 2691 2357 sponsus
2716 2275 3000 2355 dilectus,
3032 2275 3254 2357 dulcis,
3281 2276 3545 2358 nobilis,
3577 2295 3733 2360 pre·

2184 2380 2382 2446 tiosus
2404 2380 2562 2446 abiit
2584 2382 2653 2446 in
2686 2382 3074 2448 ascensione.
3094 2383 3137 2422 ¹¹
3175 2404 3207 2444 ι
3230 2381 3372 2450 Non
3398 2388 3496 2450 est
3518 2384 3623 2450 vir
3649 2385 3732 2449 in

2184 2487 2374 2553 domo
2394 2535 2413 2567 ‚
2433 2510 2465 2548 υ
2482 2487 2547 2552 id
2576 2492 2710 2567 est,
2740 2486 3029 2556 Christus
3054 2507 3168 2574 per
3193 2492 3600 2575 praesentiam
3628 2492 3731 2558 vi-

2185 2594 2457 2661 sibilem.
2487 2596 2659 2660 Abiit
2684 2596 2794 2662 via
2817 2596 3195 2680 longissima
3219 2599 3291 2664 in
3315 2600 3726 2679 ascension03

2183 2702 2384 2784 longa
2411 2720 2604 2786 super
2641 2704 2918 2787 primam
2959 2705 3415 2786 hierarchiam,
3461 2705 3731 2788 longior

2185 2827 2380 2893 super
2405 2810 2780 2890 secundam,
2810 2811 3192 2894 longissima
3215 2830 3410 2897 super
3435 2814 3726 2879 tertiam.

2186 2917 2454 2983 Saccum
2481 2918 2870 3000 poenitentiae
2883 2966 2904 2997 ,
2952 2918 3191 2985 scilicet
3233 2937 3465 3003 corpus
3489 2920 3561 2985 in
3589 2939 3730 3005 quo

2186 3031 2319 3108 est,
2353 3027 2652 3094 divinitas
2679 3044 2895 3092 secum
2919 3027 3108 3108 tulit,
3137 3028 3208 3093 in
3245 3028 3350 3094 die
3374 3028 3586 3112 plenae
3619 3029 3734 3095 lu-

2185 3152 2291 3200 nae
2344 3151 2724 3200 reversurus
2748 3181 2767 3214 ,
2827 3132 2950 3198 hoc
3002 3138 3131 3213 est,
3186 3135 3255 3199 in
3310 3134 3413 3201 die
3451 3135 3686 3219 judicii
3705 3183 3728 3215 ‚

2187 3242 2440 3326 quando
2489 3240 2645 3308 luna
2663 3289 2683 3323 ‚
2736 3239 2801 3305 id
2843 3244 2939 3306 est
3003 3240 3279 3306 Ecclesia
3303 3287 3323 3321 ,
3371 3242 3494 3305 erit
3535 3241 3732 3325 plena

2187 3350 2498 3433 completo
2537 3366 2811 3415 numero
2853 3347 3332 3414 salvandorum.
3381 3347 3471 3414 De
3495 3349 3607 3414 tali
3632 3351 3732 3415 di-

2186 3458 2349 3525 lecto
2371 3458 2603 3523 dicitur
2623 3458 2670 3497 ¹⁰
2697 3477 2759 3521 :a
2773 3453 2852 3520 Et
2868 3472 3234 3539 quaeremus
3254 3473 3407 3521 eum
3428 3459 3666 3523 tecum.
3685 3479 3719 3518 n

2186 3566 2356 3631 Talis
2381 3564 2680 3644 dilectus,
2712 3580 2943 3644 exque
2970 3562 3154 3640 abiit,
3185 3567 3281 3627 est
3308 3563 3537 3645 majori
3563 3563 3728 3629 desi-

2188 3674 2363 3742 derio
2390 3672 2794 3757 quaerendus.
2842 3669 3206 3736 Bernardus
3235 3690 3251 3732 z
3290 3692 3322 3732 ι
3345 3669 3628 3737 occultat
3656 3690 3732 3737 se

2192 3781 2391 3861 Deus,
2423 3783 2500 3845 ut
2523 3779 2852 3846 ardentius
2876 3780 3230 3861 quaeratur.
3263 3799 3296 3838 n
3321 3776 3597 3861 Require
3623 3797 3734 3845 su·

2189 3905 2306 3971 pra
2332 3886 2404 3952 in
2427 3904 2722 3952 sermone
2752 3907 2768 3951 2
2808 3884 2995 3953 Pater
3020 3889 3175 3952 tuus
3192 3932 3214 3965 ‚
3243 3891 3309 3953 et
3336 3900 3448 3968 eqo
3474 3886 3542 3966 ¹²,
3569 3889 3690 3951 etc.

2736 4061 3024 4134 SERMO
3067 4063 3185 4134 IV.

2272 4206 2584 4277 Ascendit
2624 4209 2801 4275 Deus
2841 4208 2918 4274 in
2947 4205 3342 4288 ,iubilatione
3373 4206 3447 4290 (c)
3492 4206 3562 4286 ¹⁸,
3609 4210 3730 4273 etc.

2196 4315 2569 4382 Invenimus
2618 4315 2689 4379 in
2764 4313 3106 4396 Scripturis
3121 4360 3143 4394 ,
3214 4314 3389 4398 quod
3454 4313 3738 4380 ascendit

2195 4425 2362 4492 Deus
2371 4471 2394 4504 ‚
2440 4423 2714 4506 angelus
2726 4468 2748 4501 ‚
2795 4422 2992 4488 bomo
3010 4469 3027 4499 ‚
3076 4423 3386 4488 diabolus.
3440 4421 3737 4488 Ascendit

2197 4533 2366 4599 Deus
2394 4531 2674 4618 gloriose
2687 4577 2710 4610 ,
2745 4529 3019 4612 angelus
3059 4529 3358 4611 officiose,
3385 4529 3582 4596 homo
3621 4529 3738 4594 de-

2200 4640 2414 4706 liciose
2437 4685 2459 4718 ‚
2505 4637 2802 4703 diabolus
2855 4641 3383 4720 praemmptuose.
3437 4637 3737 4703 Ascendit

2183 4748 2367 4844 „Deus
2380 4747 2449 4812 in
2460 4744 2862 4828 jubilatione,
2878 4744 3151 4826 angelus
3166 4744 3237 4809 in
3250 4744 3730 4824 ministratione,

2201 4854 2399 4921 homo
2425 4854 2493 4918 in
2520 4851 2876 4917 evolatione
2890 4899 2909 4932 ‚
2944 4850 3235 4917 diabolus
3267 4851 3340 4916 in
3365 4851 3732 4918 ambitione.

2283 4962 2370 5027 De
2398 4961 2629 5043 primo,
2672 4957 2966 5024 Psalmus
2992 4959 3040 5000 ¹⁸
3066 4975 3085 5023 t
3126 4980 3157 5020 u
3183 4957 3439 5024 Psallite
3465 4957 3591 5025 Deo
3615 4977 3731 5024 no·

2201 5073 2336 5135 stro
2353 5118 2370 5149 ,
2407 5067 2688 5152 psallite,
2704 5087 2736 5126 n
2765 5070 2885 5131 etc.
2926 5063 3325 5144 charissimi,
3365 5066 3735 5131 ascendente

2203 5213 2249 5263 Ἰ.
2279 5238 2344 5249 -
2382 5212 2403 5243 ⁹
2431 5212 2584 5262 Bern.
2612 5235 2677 5248 —
2713 5210 2758 5247 ¹⁰
2785 5208 2953 5273 Cant„
2989 5220 3041 5273 ν,
3068 5210 3146 5258 Π.
3172 5235 3237 5247 -
3262 5210 3302 5245 11
3331 5208 3496 5271 Prota,
3526 5219 3626 5271 vn,
3658 5210 3732 5259 19.

2199 5309 2264 5323 —
2292 5285 2332 5320 1²
2365 5284 2482 5336 vid.
2519 5297 2657 5348 sup„
2692 5282 2747 5332 in
2784 5280 3030 5332 Dominic.
3058 5283 3214 5332 octav.
3244 5279 3451 5346 Epiplz„
3482 5293 3636 5331 serm.
3665 5290 3733 5342 vt,

2203 5369 2322 5422 pag.
2352 5358 2435 5422 85,
2462 5354 2561 5408 col.
2590 5357 2639 5407 2.
2662 5379 2723 5393 —
2753 5353 2797 5389 ¹⁸
2823 5351 2958 5404 Psal.
2983 5364 3123 5419 xm,
3151 5355 3201 5406 6.
3227 5379 3290 5392 -
3316 5352 3358 5389 ¹⁴
3383 5351 3532 5418 ibid„
3556 5354 3604 5403 ¹1.

2271 5446 2344 5511 (a)
2369 5443 2520 5511 Apud
2543 5446 2693 5496 Rern.
2722 5443 2899 5493 vinum
2926 5442 3061 5494 coeli.
3087 5469 3148 5483 —
3173 5440 3245 5508 (ὁ)
3269 5442 3391 5494 Coeae.
3421 5440 3540 5492 edit.
3563 5438 3734 5492 admit·

2208 5519 2412 5574 tendus.
2442 5542 2505 5562 σ-
2532 5517 2598 5586 (c)
2629 5515 2778 5581 vulg.
2795 5513 2987 5590 jubilo.
