4059 6317
546 1645 725 1688 Tartur-

693 1817 704 1830 ο
756 1733 866 1799 tia.
900 1734 1055 1800 Avis
1079 1738 1257 1801 enim
1295 1741 1389 1801 est
1414 1738 1724 1817 solitaria,
1757 1742 1821 1802 et
1853 1738 2009 1803 dum
2038 1756 2294 1821 compa-

553 3048 693 3101 Μυῖα

761 421 842 487 94

753 556 825 621 in
850 557 1107 639 coelmn,
1129 559 1226 626 ita
1247 557 1485 626 animae
1510 574 1626 642 per
1644 556 2080 641 poenitentiam
2103 575 2287 622 mun-

753 662 917 729 datae
936 670 1351 730 assumuntur
1377 665 1460 730 ad
1485 682 1792 747 regnum.
1985 688 1989 692 <

834 769 922 836 De
945 771 1130 836 tertio
1160 771 1243 854 (a)
1271 774 1322 837 ¹:
1352 770 1615 836 «Orabit
1646 789 1763 854 pro
1794 772 1968 855 θεῷ)
1983 771 2296 848 sacerdos,

753 877 923 941 etsie
952 877 1369 943 mundabitur
1398 897 1413 940 :
1448 900 1479 939 n
1518 879 1642 944 hoc
1668 878 1898 943 dicitur
1924 880 2002 942 de
2034 879 2301 942 muliere

752 984 1149 1067 purificanda
1163 1031 1184 1063 ,
1228 1004 1375 1069 quae
1405 986 1597 1050 etiam
1642 985 1871 1052 offerre
1912 985 2181 1051 debebat
2226 984 2297 1067 (c)

753 1109 1026 1172 agnum,
1077 1095 1189 1156 aut
1230 1093 1621 1173 columbam,
1678 1093 1816 1158 sive
1851 1096 2192 1157 turturem.
2229 1091 2303 1156 In

752 1216 927 1280 agno
966 1199 1363 1281 significatur
1400 1200 1764 1268 innocentia
1790 1223 1807 1280 ;
1859 1201 1926 1265 in
1979 1201 2295 1281 columba,

754 1306 1126 1387 poenitentia
1154 1327 1172 1371 ε
1208 1308 1504 1373 columba
1546 1310 1718 1374 enim
1759 1310 1951 1374 habet
1979 1309 2296 1390 gemitum

754 1428 873 1495 pro
899 1418 1113 1477 cantu.
1142 1414 1550 1496 Augustinus
1575 1416 1665 1481 sic
1691 1413 1842 1481 dicit
1858 1418 1881 1452 ²
1910 1438 1926 1480 :
1956 1438 1988 1477 α
2009 1414 2206 1481 Geme
2225 1420 2300 1479 ut

756 1519 1050 1585 columba
1065 1568 1088 1600 ,
1119 1526 1182 1586 et
1207 1524 1404 1589 tunde
1448 1527 1693 1607 peetus,
1724 1528 1789 1588 et
1812 1523 2140 1588 tundendo
2165 1528 2300 1588 esto

756 1632 1098 1694 correctus.
1125 1651 1157 1690 a
1186 1629 1259 1694 In
1278 1635 1528 1695 turture
1553 1630 1961 1712 significatur
1974 1631 2300 1696 continen-

753 1859 894 1906 rem
927 1843 1190 1923 amittit,
1221 1843 1418 1908 alium
1463 1862 1594 1908 non
1628 1846 1883 1929 quaerit.
1942 1844 2101 1910 Ecce
2151 1865 2300 1911 cum

752 1947 986 2012 talibus
1006 1948 1429 2014 oblationibus
1459 1949 1543 2033 (d)
1569 1951 1772 2016 oratio
1800 1951 2094 2018 virtuosa
2120 1953 2192 2015 flt
2223 1955 2298 2034 (e)

751 2054 832 2118 ad
862 2056 1329 2120 mundandum.

830 2160 920 2226 De
946 2166 1273 2245 quart0.
1196 2172 1273 2209 ⁸·
1307 2186 1338 2222 α
1376 2162 1628 2228 Sedebit
1669 2165 1954 2229 conflans
1978 2169 2046 2230 et
2071 2185 2301 2231 emun-

749 2267 911 2332 dans
927 2272 1290 2350 argentum,
1315 2274 1378 2333 et
1396 2270 1710 2352 purgabit
1735 2270 1903 2336 filios
1927 2270 2105 2354 Levi,
2120 2293 2149 2332 a
2174 2278 2292 2338 etc.

755 2376 895 2443 Non
920 2377 1173 2442 solum
1156 2397 1221 2441 ιη
1255 2378 1654 2461 purgatorio,
1680 2378 1785 2442 sed
1806 2379 1996 2443 etiam
2013 2379 2082 2443 in
2102 2399 2300 2445 mun—

756 2489 838 2553 do
862 2489 1257 2555 mundantur
1283 2490 1521 2554 animae
1546 2508 1660 2572 per
1693 2509 1915 2573 poenas
1941 2496 2005 2556 et
2035 2492 2300 2558 tribula-

755 2595 961 2660 tiones
983 2596 1007 2631 *
1029 2614 1046 2659 ε
1073 2619 1104 2656 α
1119 2595 1193 2661 In
1204 2600 1489 2680 tempore
1506 2597 1932 2663 tribulationis
1948 2604 2203 2681 peccata
2215 2600 2306 2664 di·

753 2702 974 2782 mittis,
996 2725 1027 2762 n
1064 2706 1182 2768 etc.
1200 2702 1545 2785 Gregorius
1558 2705 1580 2740 ⁸
1605 2723 1620 2763 ε
1642 2726 1673 2764 α
1686 2703 1971 2786 Flagella
1986 2706 2299 2771 bonorum

753 2813 866 2874 aut
875 2810 1030 2874 vitia
1040 2815 1396 2894 perpetrata
1414 2817 1695 2894 purgant
1709 2813 1775 2894 (f
1777 2812 1821 2894 )‚
1840 2816 1954 2877 aut
1964 2831 2111 2896 quae
2127 2818 2301 2897 pote-

756 2920 898 2980 rant
908 2918 1252 3000 perpetrari
1268 2919 1486 2983 futura
1493 2919 1772 2984 devitant
1783 2920 1925 3003 (q).»
1938 2918 2299 2987 Secundum

755 3023 907 3086 istas
935 3030 1210 3106 quatuor
1231 3024 1713 3091 emundationes
1729 3026 2010 3107 legimus
2024 3034 2301 3110 quatuor

527 3114 716 3216 Ἷὲοζξ
757 3131 962 3196 modis
988 3131 1229 3214 lepram
1262 3132 1665 3209 mundatam,
1699 3133 1990 3198 videlicet
2028 3153 2143 3217 per
2172 3135 2295 3200 ssu-

516 3235 681 3279 mnd⁸
682 3238 726 3277 ‘⁸
753 3238 959 3317 vium,
990 3256 1102 3321 per
1133 3238 1376 3317 sinum,
1404 3257 1515 3320 per
1539 3239 1993 3320 interventum,
2023 3259 2138 3322 per
2164 3247 2298 3306 lac·-

753 3350 915 3410 tum.
968 3343 1309 3409 Mandatur
1371 3345 1541 3408 enim
1596 3346 1813 3410 anima
1856 3365 1969 3429 per
2022 3347 2299 3412 fluvium

751 3452 1274 3533 regenerationis,
1306 3451 1467 3515 sicut
1484 3451 1915 3532 significatum
1940 3455 2118 3519 estin
2133 3454 2184 3519 N
2189 3475 2289 3520 aa·

754 3578 902 3623 man
928 3560 1177 3642 leproso
1203 3558 1251 3636 ⁶,
1289 3558 1403 3640 qui
1447 3558 1673 3642 septies
1702 3559 1872 3625 lotus
1900 3560 1966 3626 in
1996 3562 2292 3643 Jordane,

751 3667 1121 3732 mundatur.
1142 3665 1358 3731 Genus
1384 3666 1745 3731 humanum
1763 3669 1993 3750 septies
2012 3669 2286 3753 lavatur,

750 3775 903 3858 quia
938 3774 1165 3858 spiritu
1204 3773 1585 3856 septiformis
1628 3777 1896 3857 gratiae,
1929 3777 2035 3842 vel
2069 3780 2225 3863 quia
2254 3800 2294 3846 a

753 3886 990 3963 septem
1039 3881 1211 3946 vitiis
1244 3880 1314 3944 in
1359 3881 1671 3964 baptismo
1722 3884 2089 3950 mundatur.
2136 3886 2292 3951 Item

750 4006 866 4072 per
913 3988 1130 4051 sinum
1177 3987 1568 4070 poenitentiae
1607 3994 1671 4053 et
1710 3990 2242 4058 reconciliationis
2272 4015 2287 4058 :

754 4096 924 4160 unde
969 4095 1048 4159 de
1084 4112 1281 4159 mauu
1327 4093 1530 4179 Moysi
1573 4095 1902 4179 leprosa⁷2
1938 4121 1969 4160 ι
1996 4097 2289 4181 Retrahe,

752 4202 840 4266 ait
870 4201 976 4285 (h),
995 4219 1261 4265 manum
1284 4205 1462 4265 tuam
1489 4202 1558 4265 in
1585 4203 1802 4268 sinum
1825 4208 2035 4270 tuum.
2067 4205 2294 4271 Retra-

750 4310 848 4373 xit
884 4314 947 4391 et
990 4309 1251 4391 protulit
1293 4309 1551 4389 iterum,
1575 4314 1638 4374 et
1679 4315 1815 4375 erat
1853 4311 2078 4376 similis
2118 4315 2294 4378 carni

750 4417 1038 4500 reliquae,
1068 4438 1098 4477 ι)
1136 4416 1204 4480 id
1234 4419 1328 4481 est
1356 4417 1615 4481 munda.
1648 4416 1839 4481 Sinus
1864 4422 1961 4483 est
1984 4421 2292 4502 preniten-

749 4524 879 4588 tia:
920 4547 950 4584 α
977 4521 1180 4600 Quem
1212 4523 1278 4605 (i)
1319 4522 1599 4602 visurus,
1619 4544 1650 4583 n
1686 4530 1748 4588 et
1782 4529 2016 4590 caetera
2040 4546 2243 4609 usque
2271 4550 2286 4592 :

753 4654 784 4692 ι
807 4630 1098 4715 Reposita
1123 4631 1262 4695 haec
1290 4648 1432 4714 spes
1460 4649 1605 4696 mea
1639 4631 1710 4695 in
1733 4633 1883 4698 sinu
1905 4652 2072 4711 meo,
2102 4656 2133 4695 n
2169 4641 2285 4701 etc.

750 4734 862 4804 Vae
887 4738 1013 4815 eiS‚
1058 4738 1168 4821 qui
1205 4737 1270 4801 in
1310 4737 1457 4802 sinu
1504 4739 1893 4821 poenitentiae
1932 4759 2064 4806 non
2102 4742 2287 4822 fiunt,

751 4844 853 4911 vel
878 4844 958 4909 de
1003 4846 1152 4909 sinu
1189 4845 1580 4925 ceciderunt,
1637 4846 1943 4928 quoniam
1977 4847 2047 4911 in
2074 4848 2289 4914 sinum

750 4953 1024 5018 Abrahae
1050 4971 1181 5018 non
1207 4953 1486 5032 venient,
1505 4954 1585 5019 de
1613 4956 1819 5036 quo⁸:
1858 4977 1887 5015 α
1915 4954 2178 5022 Factum
2195 4961 2291 5022 est

812 5116 830 5150 ¹
856 5115 1031 5179 Levit„
1071 5126 1174 5178 xit,
1211 5115 1258 5166 8.
1302 5140 1357 5151 -
1400 5117 1422 5149 ¹
1450 5117 1579 5181 Aug.
1612 5141 1675 5154 —
1714 5116 1734 5147 ⁸
1772 5115 1978 5180 Halae„
2014 5130 2106 5182 ιιι,
2138 5121 2187 5171 3.
2227 5147 2289 5157 -

750 5184 769 5215 ⁴
800 5184 935 5248 Tob„
967 5196 1055 5248 ιιι,
1085 5188 1160 5235 13.
1196 5211 1261 5222 —
1291 5185 1313 5220 ⁸
1337 5186 1511 5250 Greg.,
1546 5187 1759 5251 Mor-al„
1793 5188 1883 5238 lib.
1916 5189 2051 5253 xvi,
2079 5204 2126 5240 c.
2157 5201 2285 5256 xm,

749 5268 805 5305 n.
847 5259 928 5307 52.
969 5284 1032 5295 —
1083 5257 1103 5287 ⁸
1145 5256 1210 5308 Ν
1244 5256 1382 5320 Βε9.,
1427 5269 1477 5322 ν,
1519 5259 1595 5309 14.
1628 5284 1692 5295 —
1734 5259 1759 5296 ⁷
1794 5259 1978 5324 Emod„
2028 5272 2101 5324 w,
2136 5264 2184 5312 Ἰ.
2226 5288 2282 5298 -

752 5327 771 5357 ⁸
797 5326 929 5392 Luc„
959 5341 1069 5394 xvl,
1101 5331 1180 5379 22.
1204 5356 1259 5367 -
1286 5329 1310 5364 ⁹
1328 5329 1499 5392 Num„
1523 5342 1618 5392 xn,
1649 5334 1707 5382 1⁰
1732 5334 1913 5397 etseq.
1938 5359 1994 5369 -
2026 5334 2062 5364 ¹⁰
2082 5332 2287 5396 Manli„

753 5408 877 5463 vm,
914 5405 961 5451 3.
989 5427 1051 5438 —
1085 5403 1125 5436 ¹¹
1155 5400 1263 5464 Job,
1300 5411 1367 5463 11,
1403 5405 1451 5451 5.
1488 5428 1551 5440 —
1590 5403 1630 5439 ¹²
1669 5405 1814 5454 Hunc
1840 5418 1948 5455 non
1979 5403 2136 5455 habet
2161 5370 2287 5457 edit?

1857 417 2275 488 smMoNES
2317 419 2417 487 DE
2454 419 2851 489 TEMPORE.

2404 560 2619 622 autem
2651 561 2725 622 ut
2764 560 3146 637 moreretur,
3176 576 3209 618 ι
3240 559 3362 623 etc.
3407 556 3568 623 Item
3606 575 3702 640 per
3730 558 3884 623 inter·

2406 666 2670 729 ventum
2683 664 2990 729 orationis
3012 683 3030 729 ε
3057 664 3226 730 unde
3252 664 3474 744 Maria,
3504 682 3675 730 soror
3689 665 3883 746 Aaron,

2406 788 2818 836 murmurans
2856 775 3078 838 contra
3123 771 3416 856 Moysen,
3451 772 3629 855 lepra
3660 775 3885 855 percuti·

2408 881 2585 957 tur⁹3
2615 880 2727 945 sed
2750 884 2973 946 orante
3019 879 3234 963 Moyse
3261 897 3378 963 pro
3404 880 3562 963 ipsa,
3599 879 3892 943 mundatur

2409 1003 2523 1067 per
2549 990 2789 1051 lactum
2815 986 3220 1052 correctionis
3247 1003 3383 1050 suae
3416 986 3553 1050 sive
3578 984 3888 1067 castigatio-

2406 1093 2527 1157 nis.
2576 1091 2754 1158 Unde
2790 1093 2859 1157 in
2887 1092 3186 1175 praesenti
3212 1090 3562 1174 Evangelio
3589 1090 3794 1156 dicitur
3812 1090 3890 1150 ¹⁹:

2419 1225 2449 1263 α
2476 1200 2839 1268 Extendens
2863 1221 3130 1268 manum
3165 1200 3376 1283 tetigit
3400 1218 3575 1279 eum,
3607 1222 3636 1260 ι
3660 1204 3766 1265 etc.
3788 1199 3893 1264 Ho-

2408 1329 2517 1375 mo
2556 1311 2729 1375 enim
2755 1330 2796 1375 a
2824 1310 2953 1376 Deo
2986 1310 3301 1393 tangitur,
3330 1310 3489 1374 dum
3524 1309 3606 1372 ab
3645 1326 3714 1372 eo
3735 1308 3900 1371 corri-

2409 1416 2603 1499 pitur.
2644 1416 2820 1482 Unde
2864 1417 3151 1483 diabolus
3188 1416 3342 1481 dicit
3379 1416 3460 1481 de
3474 1416 3551 1482 Jo
3611 1417 3683 1480 ¹¹:
3708 1438 3736 1476 α
3756 1412 3901 1480 mtto

2409 1541 2670 1588 manum
2702 1529 2904 1604 tuam,
2922 1528 2986 1589 et
3010 1529 3204 1605 tange
3221 1541 3294 1588 os
3320 1524 3461 1605 ejus
3486 1527 3555 1586 et
3569 1540 3805 1586 carnem
3822 1543 3836 1585 :
3852 1527 3903 1585 et

2407 1635 2565 1696 tunc
2588 1630 2834 1698 videbis
2858 1632 3026 1714 quod
3054 1631 3121 1696 iu
3146 1630 3373 1697 faciem
3402 1629 3724 1695 benedicat
3745 1629 3860 1693 tibi.
3874 1651 3898 1688 ι

2850 1808 3161 1881 εΕΒΜο
3204 1810 3268 1879 11
3304 1809 3360 1901 (J

2490 1952 2649 2019 Ecce
2696 1953 2981 2035 leprosus
3024 1955 3285 2021 veniens
3325 1952 3637 2020 adorabat
3671 1969 3799 2020 cum
3820 1951 3910 2019 ‹ti-

2409 2074 2558 2126 cens
2585 2082 2609 2124 .·
2636 2059 2923 2137 Domine,
2952 2059 3014 2126 si
3038 2060 3174 2139 vis,
3212 2065 3387 2142 potes
3423 2059 3910 2127 manandum

2415 2165 2577 2243 Quia
2610 2166 2913 2250 quaelibet
2950 2166 3177 2232 Christi
3225 2166 3389 2231 actio
3426 2172 3646 2233 nostra
3687 2172 3777 2233 est
3810 2168 3917 2231 ins-

2410 2274 2664 2353 tructio,
2694 2273 2837 2339 ideo
2870 2273 3181 2339 hodierna
3206 2273 3309 2338 die
3343 2275 3593 2340 curatio
3618 2274 3916 2339 exterioris

2408 2380 2602 2462 leprae
2674 2379 3065 2463 corporalem
3129 2380 3675 2464 pulchritudinem
3732 2380 3918 2446 detor-

2411 2487 2669 2568 mantis,
2715 2492 2810 2552 est
2856 2488 3189 2552 instructio
3211 2534 3230 2567 ‚
3259 2492 3321 2553 et
3349 2487 3731 2570 significatio
3751 2486 3919 2570 leprae

2411 2595 2728 2660 interioris
2754 2594 3147 2677 spiritualem
3179 2595 3715 2679 pulchritudinem
3732 2595 3921 2660 detur-

2410 2702 2640 2786 pantis.
2684 2700 2883 2776 Unde,
2915 2701 2995 2766 ad
3018 2706 3302 2768 nostram
3332 2704 3839 2780 instructionem,
3866 2701 3923 2764 iu

2409 2809 2609 2876 verbo
2639 2809 2958 2892 proposito
2985 2858 3004 2887 ‚
3048 2811 3171 2874 sub
3215 2810 3448 2894 leprosi
3496 2811 3862 2894 metaphora
3895 2828 3928 2871 a

2410 2915 2536 2980 Deo
2591 2917 2793 2980 curati
2829 2916 3205 2981 describitur
3248 2917 3525 2983 conditio
3580 2916 3925 2999 peccatoris,

2409 3027 2725 3105 quantum
2746 3022 2826 3087 ad
2849 3027 3083 3088 statum
3108 3025 3382 3108 propriae
3399 3022 3927 3106 transgressionis,

2407 3129 2692 3192 animam
2746 3130 3190 3209 deformantis;
3250 3136 3566 3214 quantum
3620 3130 3703 3196 ad
3740 3134 3932 3194 actum

2407 3236 2814 3319 subjectionis
2834 3284 2854 3315 ,
2885 3239 3168 3302 animam
3205 3238 3631 3321 disponentis;
3660 3243 3722 3304 et
3747 3254 3934 3322 quan-

2409 3346 2548 3407 tum
2599 3344 2681 3408 ad
2736 3342 3032 3409 effectum
3087 3345 3430 3426 orationis,
3483 3346 3771 3411 animam
3820 3345 3936 3410 ele-

2405 3449 2579 3514 vanti
2587 3469 2639 3514 s.

2485 3555 2701 3649 Primo
2745 3574 2906 3638 ergo
2949 3558 3012 3621 in
3064 3559 3261 3623 verbo
3307 3560 3630 3643 proposito
3686 3565 3930 3626 notatur

2405 3663 2679 3746 propriae
2741 3665 3265 3746 transgressionis
3321 3667 3699 3734 deformatio
3728 3717 3748 3748 ,
3801 3684 3935 3732 cum

2404 3770 2617 3836 subdit
2646 3792 2663 3837 ε
2695 3772 2856 3838 Ecce
2881 3772 3165 3853 leprosus
3200 3776 3491 3846 veniam
3520 3777 3824 3853 secundo,
3846 3775 3937 3839 de-

2403 3878 2553 3942 bitae
2601 3878 3011 3961 subjectionis
3069 3880 3381 3946 exhibitio
3401 3932 3418 3964 ,
3469 3901 3628 3949 cum
3674 3882 3881 3948 subdit
3919 3903 3933 3945 :

2404 3983 2714 4052 adorabat
2740 4001 2903 4065 eum,
2945 3986 3200 4059 dicens,·
3224 3989 3446 4069 tertio,
3477 3990 3770 4056 discretae
3796 4008 3935 4072 sup·

2403 4090 2757 4173 plicationis
2797 4093 3012 4175 petitio
3026 4142 3045 4174 ‚
3076 4113 3226 4160 cum
3253 4097 3571 4163 subinfert
3608 4122 3624 4163 :
3662 4099 3936 4176 Domine,

2402 4201 2466 4265 si
2501 4201 2626 4279 vis,
2664 4204 2843 4284 potes
2882 4217 2980 4267 me
3007 4203 3342 4271 mundare.
3371 4204 3568 4270 Valde
3617 4207 3796 4272 enim
3834 4205 3942 4268 fuit

2402 4308 2708 4372 discretus
2743 4310 2812 4373 in
2836 4311 3104 4393 petendo
3137 4329 3153 4371 :
3183 4330 3315 4377 non
3341 4312 3518 4377 enim
3548 4314 3720 4379 dixit
3753 4336 3769 4378 :
3798 4315 3943 4376 Des-

2404 4415 2620 4495 cende,
2651 4414 2754 4479 vel
2780 4416 2949 4496 veni,
2981 4417 3164 4498 quasi
3193 4437 3309 4482 sua
3336 4420 3687 4501 praesentia
3707 4419 3942 4484 abesset

2401 4522 2483 4585 ab
2501 4522 2712 4604 aliquo
2722 4521 2891 4602 loco;
2911 4541 3030 4588 nec
3056 4524 3278 4603 verbo,
3303 4527 3486 4608 quasi
3512 4527 3583 4591 in
3600 4528 3944 4610 prolatione

2403 4629 2583 4692 verbi
2610 4633 2775 4694 esset
2799 4629 3062 4711 alligata
3090 4649 3208 4695 sua
3241 4633 3523 4713 potentia
3555 4654 3572 4697 ι
3603 4634 3723 4698 sed
3748 4632 3939 4699 dixit:

2400 4736 2487 4803 Si
2514 4737 2638 4815 vis,
2666 4736 2870 4800 sciens
2898 4736 3055 4802 illud
3083 4738 3323 4803 Psalmi
3354 4740 3434 4804 ¹⁴:
3464 4763 3497 4803 a
3518 4739 3758 4807 Omnia
3785 4757 3950 4824 quae-

2401 4860 2676 4926 cumque
2702 4841 3011 4909 Dominus
3037 4843 3262 4926 voluit,
3287 4846 3453 4911 fecit.
3484 4869 3517 4908 ιι
3542 4845 3773 4914 Primo
3796 4864 3951 4929 ergo

2400 5048 2557 5100 Paris.
2603 5063 2689 5100 an.
2741 5051 2877 5100 1521.
2924 5076 2988 5086 -
3028 5050 3073 5085 ¹⁸
3115 5051 3321 5114 Marta„
3368 5064 3494 5117 vm,
3540 5056 3590 5104 2.
3633 5082 3699 5092 —
3742 5055 3791 5091 ¹⁸
3820 5051 3951 5105 Psal.

2397 5121 2761 5184 cx111,3.—(a)
2780 5121 2902 5172 coet
2920 5120 3048 5172 εάίῄ
3066 5123 3312 5172 tertia.-
3250 5123 3396 5190 -(ὸ)
3416 5138 3573 5176 eo.—
3591 5125 3659 5190 (c)
3674 5127 3954 5178 debeat.-

2402 5190 2467 5255 (d)
2497 5192 2957 5245 oblivionibua—
2896 5193 3047 5259 -(e)
3078 5195 3258 5245 Sit.—
3195 5196 3358 5260 —(f)
3397 5197 3523 5249 cot.
3540 5196 3654 5249 edit
3676 5197 3819 5249 deest
3842 5210 3955 5263 pur-

2396 5266 2593 5328 gant—
2613 5267 2684 5330 (9)
2716 5265 2841 5315 Goet.
2868 5264 2992 5317 edin
3014 5270 3231 5317 tentant.
3261 5294 3326 5305 -—
3354 5268 3423 5332 (h)
3445 5268 3679 5321 Subaudz·
3706 5272 3955 5323 Deus.—

2396 5337 2455 5398 (2')
2485 5336 2610 5387 Goet.
2638 5337 2761 5388 edit.
2785 5337 3059 5397 Quoniam.
3087 5363 3147 5375 -
3172 5339 3239 5402 (j)
3264 5341 3484 5391 Domina
3505 5341 3665 5393 tertia
3694 5346 3821 5407 post
3843 5340 3952 5406 Epi·

2395 5407 2635 5470 phaniam
2661 5423 2833 5461 sermo
2858 5412 2896 5461 Ι.
