4059 6317
745 556 1124 626 DOMINICA
1162 552 1296 624 xxl
1339 554 1537 623 POST
1581 553 2164 624 PENTECOSTEN.
2208 554 2473 625 SERMO
2515 558 2625 625 111.

101 712 374 779 nequam
400 710 652 763 servus.
680 690 840 760 Mira
867 696 1002 761 rest
1035 695 1054 730 ¹
1095 717 1126 757 α
1151 690 1359 758 Homo
1388 691 1631 758 homini

102 808 309 870 servat
336 803 498 868 iram
519 852 540 882 ,
579 807 644 868 et
678 822 718 868 a
750 802 879 869 Deo
923 803 1160 887 quaerit
1208 800 1569 866 medelam?
1595 822 1627 860 a>

103 911 224 977 Sed
248 898 415 975 ci‘rca
441 910 878 976 dimissionem
909 910 1354 993 proximorum
1381 906 1635 973 attende

101 1022 397 1097 fructum,
431 1018 682 1082 attende
709 1016 1092 1101 periculum,
1119 1015 1372 1083 attende
1401 1033 1632 1079 nume-

100 1144 270 1191 rum.
303 1125 578 1207 Magnus
607 1125 852 1190 tructus
876 1127 1001 1204 est,
1051 1123 1222 1208 quod
1264 1141 1380 1207 pro
1417 1122 1639 1187 dimis-

100 1235 274 1299 sione
324 1233 521 1298 unius
565 1231 808 1297 denarii
860 1231 1261 1297 dimittantur
1299 1230 1417 1294 tibi
1453 1228 1639 1294 *mille

101 1339 381 1405 marchae
413 1340 435 1375 ¹
469 1361 485 1404 ι
525 1364 556 1402 α
584 1338 655 1404 Si
679 1338 1044 1403 dimiseritis
1089 1336 1464 1403 hominibus
1490 1354 1640 1420 pec-

100 1454 238 1513 cata
263 1466 488 1513 eorum
510 1494 528 1524 ,
558 1446 831 1512 dimittet
873 1449 938 1510 et
974 1445 1160 1513 vobis
1201 1444 1387 1510 Pater
1428 1449 1641 1512 vester

102 1556 370 1623 coelestis
397 1555 621 1620 delicta
646 1557 892 1631 vestra,
935 1574 967 1614 ι
1016 1555 1136 1618 etc.
1187 1551 1536 1635 Gregorius
1563 1556 1587 1593 ⁸
1621 1573 1637 1617 ε

110 1688 140 1725 α
176 1661 573 1728 Dimittamus
595 1660 767 1746 quod
792 1661 1060 1727 debetur
1093 1660 1299 1741 nobiS,
1331 1666 1395 1726 et
1434 1660 1642 1726 dimit-

101 1775 275 1835 tetur
330 1769 503 1852 quod
556 1769 860 1834 debemus
908 1787 1048 1834 nos.
1103 1789 1134 1827 n
1185 1767 1343 1833 ltem
1393 1769 1646 1832 attende

102 1879 437 1961 proprium
465 1878 846 1962 periculum,
873 1878 1045 1960 quod
1071 1877 1190 1942 tibi
1216 1877 1288 1941 in
1313 1894 1501 1943 servo
1524 1893 1645 1940 ne·-

103 2004 300 2068 quam
355 1985 733 2050 ostenditur.
778 1982 1001 2048 Videat
1038 2002 1196 2066 ergo
1230 1983 1533 2066 quilibet,
1565 2000 1646 2048 ne

101 2096 324 2156 contra
350 2110 419 2156 se
446 2093 647 2174 petat,
688 2109 839 2157 cum
884 2090 1034 2155 dicit
1081 2113 1097 2156 ε
1146 2091 1343 2157 Nobis
1387 2090 1646 2157 dimitte

103 2198 325 2267 debita
366 2205 608 2280 nostra,
655 2200 825 2265 sicut
877 2203 937 2265 et
973 2214 1122 2279 nos,
1164 2203 1284 2263 etc.
1328 2197 1644 2281 Augusti-

101 2328 230 2373 nus
275 2308 299 2345 *
337 2329 353 2373 z
400 2332 431 2370 c
458 2306 903 2390 Unusquisque
943 2307 1135 2371 talem
1177 2305 1646 2389 indulgentiam

104 2419 483 2499 accepturus
521 2418 618 2480 est
659 2431 701 2477 a
743 2413 873 2478 Deo
895 2460 913 2490 ,
963 2412 1219 2496 qualem
1271 2413 1653 2497 impenderit
1691 2438 1696 2449 ¹

104 2523 404 2606 proximo
427 2539 570 2587 suo.
599 2542 630 2580 n
657 2520 816 2585 ltem
835 2519 1088 2585 attende
1112 2539 1482 2586 numerum.
1505 2519 1650 2598 Qui-

103 2631 254 2697 dam
283 2631 462 2696 enim
499 2630 718 2695 dicunt
754 2652 770 2694 z
801 2614 1104 2694 Libenter
1149 2627 1534 2693 dimitterem
1561 2629 1642 2709 ei,

104 2739 157 2800 si
209 2741 471 2803 tantum
514 2736 616 2802 bis
660 2735 763 2800 vel
802 2739 900 2800 ter
943 2733 1308 2800 offendisset
1352 2753 1496 2816 me3
1539 2734 1651 2799 sed

96 2848 237 2927 jam
277 2844 428 2910 fecit
470 2844 704 2929 septies
747 2842 849 2908 vel
883 2841 1150 2926 pluries.
1203 2838 1468 2924 Propter
1509 2840 1652 2906 illos

105 2955 341 3022 dicitur
371 2962 393 2996 ⁸
438 2975 457 3020 ε
503 2978 536 3017 α
587 2952 842 3031 Quoties
885 2952 956 3016 in
995 2971 1100 3017 me
1145 2950 1428 3036 peccabit
1462 2951 1656 3016 frater

105 3080 315 3143 meus,
345 3067 410 3127 et
435 3061 752 3126 dimittam
780 3059 890 3125 ei?
930 3082 962 3120 υ
1005 3064 1071 3125 et
1097 3063 1328 3125 caetera
1351 3109 1368 3139 ,
1399 3076 1604 3143 usque
1633 3075 1651 3121 ε

113 3192 145 3231 α
171 3169 548 3254 septuagies
575 3168 825 3252 septies.
858 3189 889 3227 υ

185 3276 276 3342 De
320 3275 602 3341 secundo
647 3273 671 3307 ⁰
702 3297 718 3339 ε
774 3295 806 3334 <1
847 3274 1282 3340 Remittuntur
1314 3273 1373 3337 ei
1402 3277 1659 3357 peccata

107 3384 338 3467 multa,
372 3383 681 3469 quoniam
710 3381 932 3447 dilexit
965 3383 1278 3447 multum-
1300 3381 1413 3447 Cui
1441 3387 1657 3447 autem

108 3493 327 3558 minus
374 3490 750 3567 dimittitur,
792 3489 1008 3553 minus
1045 3489 1285 3571 diligit.
1332 3509 1361 3548 ι
1397 3488 1465 3553 Si
1487 3489 1659 3553 mul-

103 3606 249 3666 tum
271 3600 498 3665 dilexit
522 3596 629 3661 ille
654 3597 760 3663 cui
798 3598 1017 3662 decem
1055 3595 1301 3662 denarii
1324 3594 1658 3661 dimittun-

106 3713 237 3789 tur,
269 3709 593 3792 quantum
623 3705 889 3788 diligere
910 3703 1119 3784 dehet,
1142 3703 1248 3769 cui
1274 3703 1491 3769 decem
1519 3703 1662 3768 mil-

102 3816 190 3881 lia
226 3815 477 3880 talenta
510 3812 973 3878 dimittuntur?
1021 3810 1270 3888 Quanto
1315 3828 1476 3892 ergo
1519 3810 1666 3894 plus

107 3923 254 4006 quis
281 3921 611 4007 peccavit,
657 3925 834 3984 tanto
874 3919 1018 4002 plus
1066 3917 1268 3983 Deum
1312 3917 1560 4000 diligat,
1589 3921 1664 3983 ut

107 4031 230 4095 sibi
270 4034 535 4114 peccata
572 4028 880 4107 dimittat,
922 4025 1024 4091 vel
1061 4024 1213 4109 quia
1234 4025 1371 4107 jam
1398 4023 1658 4089 dimisit.

110 4136 375 4222 Optima
401 4135 650 4202 dilectio
684 4152 702 4198 ε
730 4133 982 4199 dilectio
1012 4134 1184 4198 enim
1212 4132 1470 4216 culpam
1497 4148 1662 4215 pur-

109 4249 269 4327 gat;
310 4243 489 4309 uude
525 4242 615 4307 ait
661 4262 677 4306 ε
719 4241 1191 4319 Remittuntur,
1225 4243 1347 4304 etc.
1390 4239 1460 4305 Si
1503 4253 1664 4320 ergo

106 4355 400 4420 multum
428 4351 764 4434 diligeret,
796 4350 1075 4415 multum
1126 4349 1560 4414 remitteretur
1583 4352 1606 4387 ¹
1637 4365 1654 4411 τ

109 4484 140 4523 n
159 4461 455 4528 Charitas
468 4458 672 4543 operit
688 4456 1169 4522 multitudinem
1183 4461 1584 4540 peccatorum
1594 4501 1610 4519 .
1624 4475 1656 4515 n

104 4567 500 4634 Ambrosius
527 4569 550 4604 ⁸
585 4584 603 4630 ι
642 4589 673 4628 α
697 4564 981 4630 Donatur
1009 4581 1124 4646 per
1164 4563 1466 4645 gratiam,
1496 4561 1664 4627 dele-

106 4682 218 4741 tur
246 4694 371 4759 per
400 4673 780 4756 sanguinem
820 4671 1028 4736 crucis
1046 4717 1068 4750 ,
1096 4671 1343 4754 tegitur
1371 4688 1484 4754 per
1510 4669 1666 4734 cha-

106 4785 398 4850 ritatem.
422 4803 453 4841 1>
478 4780 637 4846 ltem
652 4779 901 4844 dilectio
921 4778 1201 4861 gratiam
1217 4776 1656 4861 multiplicat':

115 4914 148 4953 α
177 4890 254 4956 In
294 4889 424 4956 viis
442 4887 708 4971 justitiae
736 4885 1019 4963 ambulo,
1047 4886 1207 4949 etin
1233 4884 1443 4949 medio
1473 4884 1662 4947 semi-

107 5003 334 5063 tarum
374 4994 643 5078 judicii,
686 4997 764 5057 ut
808 4991 1004 5057 ditem
1049 4991 1394 5074 diligentes
1433 5009 1576 5070 me,
1604 4995 1669 5057 et

107 5103 461 5169 thesauros
494 5118 717 5166 eorum
760 5098 1083 5182 repleam:
1115 5120 1148 5160 n
1182 5098 1514 5164 thesauros
1540 5098 1665 5162 uti-

109 5230 244 5299 que
302 5210 623 5274 virtutum
687 5210 750 5272 et
793 5207 1192 5272 meritorum.
1266 5205 1403 5271 Imo
1464 5205 1670 5290 seipso

173 5340 193 5373 ¹
229 5334 418 5396 Booti„
451 5345 646 5396 xxvm,
677 5338 726 5384 8.
756 5358 819 5370 —
850 5332 872 5367 ²
900 5329 1106 5394 Manli„
1138 5341 1213 5394 v1,
1248 5333 1324 5384 14.
1352 5357 1416 5370 --
1442 5328 1462 5360 ⁸
1494 5332 1669 5397 Greg„

107 5411 166 5461 ἐκ
201 5409 434 5470 Eme„
463 5405 609 5457 hom.
636 5415 810 5469 xxvu,
845 5417 903 5455 n.
936 5406 984 5454 9.
1013 5428 1077 5441 -
1101 5403 1120 5434 ⁴
1150 5406 1278 5469 Aug.
1310 5429 1375 5442 —-
1412 5401 1435 5438 ⁸
1465 5402 1671 5466 Manli„

108 5492 281 5543 xvm,
310 5479 491 5530 21-22.
518 5501 579 5513 —
614 5477 633 5507 ⁸
670 5475 805 5536 Luc„
839 5487 932 5538 vn,
965 5477 1043 5527 47.
1066 5475 1172 5513 ...⁷
1200 5478 1217 5525 ι
1248 5475 1409 5535 Petu,
1439 5486 1508 5538 iv,
1536 5479 1586 5526 8.
1610 5500 1672 5512 -

108 5558 128 5588 ¹
158 5553 418 5608 Ambros.
456 5573 518 5588 -
553 5548 577 5584 ⁸
603 5549 770 5608 Prov„
812 5558 946 5612 vm,
973 5549 1050 5597 2⁰.
1083 5572 1146 5584 -
1176 5546 1221 5582 ¹⁸
1245 5548 1411 5608 Joan„
1453 5556 1563 5608 nv,
1591 5548 1671 5596 23.

3166 562 3285 629 467

1746 692 1950 775 replet
1969 691 2273 758 Dominus
2293 693 2633 777 diligentes
2658 711 2727 761 se
2752 695 2801 735 ¹⁰
2831 712 2850 759 ε
2876 716 2911 756 ι
2928 693 2997 761 Si
3025 694 3169 779 quis
3189 695 3286 761 di·-

1747 798 1895 881 ligit
1924 818 2052 879 me,
2082 821 2114 859 n
2148 804 2291 880 etc„
2325 819 2532 885 usque
2565 823 2580 866 ε
2621 825 2654 864 α
2680 802 3081 889 mansionem
3104 803 3294 868 facie·

1751 924 1897 970 mus
1952 905 2122 989 apud
2175 925 2347 971 eum.
2380 929 2411 967 n
2473 907 2632 973 Item
2685 909 2935 975 dilectio
2991 928 3294 976 coronam

1748 1016 2063 1096 praeparat
2093 1013 2132 1048 ¹¹
2168 1034 2184 1075 ι
2223 1035 2254 1075 α
2279 1012 2510 1080 Beatus
2536 1017 2659 1095 vir,
2690 1017 2803 1101 qui
2847 1016 3069 1082 suffert
3096 1021 3297 1083 tenta·

1748 1120 1988 1184 tionem
2023 1141 2040 1184 ε
2070 1121 2399 1203 quoniam,
2431 1141 2581 1187 cum
2606 1124 2912 1207 probatus
2937 1122 3154 1202 fuerit,
3185 1142 3296 1188 ac·-

1751 1227 1940 1310 cipiet
1965 1245 2268 1293 coronam
2296 1229 2470 1311 vitae,
2502 1249 2701 1317 quam
2727 1231 3091 1315 repromisit
3126 1230 3296 1297 Deus

1750 1333 2167 1417 diligentibus
2194 1353 2287 1401 se.
2316 1358 2346 1396 n

1823 1441 1908 1511 De
1941 1443 2129 1508 tertio
2156 1443 2389 1510 dicitur
2425 1445 2532 1513 hic
2576 1469 2592 1511 ε
2643 1448 2836 1515 Omne
2874 1446 3157 1517 debitum
3188 1449 3294 1517 di-

1752 1552 1908 1617 misi
1939 1549 2085 1630 tibi,
2116 1553 2427 1635 quoniam
2464 1556 2708 1638 roaasti
2726 1570 2846 1622 me.
2875 1554 3035 1621 Ecce
3063 1575 3300 1639 magna

1753 1658 2099 1724 liberalitas
2127 1659 2266 1739 Dei,
2297 1679 2441 1727 ecce
2469 1680 2711 1744 magna
2734 1663 2943 1728 virtus
2970 1662 3298 1728 orationis.

1757 1765 1949 1831 Orare
1970 1771 2191 1831 autem
2207 1766 2399 1832 debes
2412 1767 2645 1833 dimitti
2667 1769 2802 1850 tibi,
2822 1769 3054 1834 dimitti
3070 1770 3298 1851 amice,

1757 1872 1988 1939 dimitti
2029 1875 2317 1941 inimico.
2351 1874 2477 1943 Ora
2503 1877 2712 1960 primo
2754 1877 2987 1943 dimitti
3030 1878 3183 1958 tibi,
3229 1881 3302 1943 ut

1757 1980 1875 2045 tibi
1901 1981 2261 2049 dimittatur
2283 2002 2478 2049 omne
2496 1984 2805 2051 debitum.
2824 1983 2949 2051 Sed
2968 1986 3121 2068 quia
3137 1984 3305 2050 Deus

1757 2093 2086 2170 peccatum
2131 2108 2262 2156 non
2302 2091 2605 2171 dimittit,
2636 2091 2759 2156 nisi
2802 2096 2877 2157 tu
2921 2110 3179 2176 peccare
3205 2090 3302 2156 di·

1757 2197 2009 2276 mittas;
2042 2198 2183 2265 ideo
2219 2201 2381 2265 bene
2414 2201 2649 2267 dicitur
2679 2202 2724 2238 ¹¹
2757 2222 2773 2266 :
2813 2200 2959 2282 Fili,
2988 2201 3305 2285 peccasti?

1758 2323 1890 2370 non
1917 2305 2179 2388 adjicias
2218 2307 2453 2372 iterum
2471 2330 2490 2386 ;
2540 2308 2649 2373 sed
2695 2325 2814 2391 pro
2863 2308 3151 2392 pristinis
3190 2309 3301 2374 de-

1758 2430 2051 2495 precare,
2081 2418 2154 2477 ut
2181 2415 2297 2478 tibi
2337 2414 2767 2481 dimittantur.
2807 2436 2839 2475 n
2873 2414 3182 2499 Alioquin
3208 2420 3303 2480 at·

1759 2518 1947 2583 tende
1982 2520 2155 2602 quod
2196 2519 2473 2588 Isidorus
2513 2523 2602 2587 ait
2634 2523 2679 2559 ¹⁸
2720 2544 2736 2588 ε
2795 2544 2827 2583 α
2851 2521 3021 2587 Nihil
3058 2523 3308 2606 proficit

1760 2627 1987 2707 oratio,
2019 2627 2075 2691 si
2099 2629 2308 2694 denuo
2349 2629 2821 2709 committatur,
2856 2629 3029 2695 unde
3053 2634 3306 2696 tantum

1762 2734 1951 2799 venia
1978 2734 2357 2817 postulatur.
2380 2756 2412 2796 n
2446 2735 2605 2801 item
2647 2754 2761 2801 ora
2803 2737 3043 2803 dimitti
3074 2740 3300 2819 amico,

1762 2842 1927 2907 sicut
1968 2841 2216 2926 Moyses
2258 2843 2305 2881 ¹⁸
2356 2865 2373 2907 ε
2416 2866 2448 2904 α
2472 2846 2595 2908 Aut
2632 2843 2880 2911 dimitte
2922 2847 3016 2912 eis
3067 2865 3306 2912 noxam

1763 2949 1953 3027 hanc,
1975 2953 2109 3027 aut,
2141 2949 2193 3012 si
2225 2966 2355 3014 non
2384 2949 2562 3027 facis,
2587 2948 2729 3015 dele
2749 2969 2850 3016 me
2877 2952 2957 3017 de
2982 2951 3147 3018 libro
3170 2956 3305 3033 tuo,

1766 3074 1957 3137 quem
1985 3055 2310 3139 scripsisti.
2333 3078 2365 3115 a
2391 3053 2575 3122 Valet
2600 3063 2816 3121 autem
2831 3058 3082 3124 homini
3101 3059 3310 3125 aliena

1765 3162 1993 3243 oratio,
2021 3163 2075 3226 si
2100 3163 2277 3228 adest
2302 3163 2425 3245 ipsi
2461 3163 2670 3228 aliena
2695 3164 3012 3231 contritio.
3044 3166 3204 3233 item
3229 3167 3310 3235 de

1766 3270 2071 3337 offerente
2104 3271 2485 3336 sacrificium
2526 3290 2642 3354 pro
2669 3276 2926 3355 peccato
2957 3273 3184 3340 dicitur
3212 3276 3255 3311 ¹⁸
3287 3296 3303 3337 ε

1776 3400 1806 3439 α
1833 3377 2108 3460 Rogabit
2152 3396 2267 3460 pro
2311 3396 2389 3444 eo
2434 3379 2720 3445 sacerdos
2737 3425 2761 3458 ,
2809 3384 2872 3446 et
2913 3399 3031 3464 pro
3054 3387 3310 3466 peccato

1767 3487 1930 3569 ejus,
1961 3488 2028 3549 et
2053 3484 2410 3550 dimittetur
2454 3486 2535 3550 ei.
2569 3506 2601 3546 n
2645 3484 3038 3553 Sacrificium
3090 3493 3309 3556 autem

1767 3596 1863 3658 est
1889 3593 2218 3672 contritio;
2250 3592 2581 3660 psalmista
2602 3595 2646 3631 ¹⁸
2671 3617 2687 3660 ε
2718 3619 2749 3657 α
2770 3594 3166 3663 Sacrificium
3186 3597 3311 3666 Deo

1770 3701 2038 3784 spiritus
2084 3700 2578 3782 contribulatus,
2617 3724 2650 3764 ι
2694 3707 2813 3769 etc.
2863 3702 3022 3770 Item
3062 3723 3178 3772 ora
3213 3707 3309 3773 di·

1770 3808 1938 3872 mitti
1979 3809 2240 3875 inimico
2279 3808 2573 3893 exemplo
2601 3808 2830 3875 Christi
2868 3810 2912 3848 ¹⁷
2944 3834 2961 3877 ε
2999 3836 3030 3875 α
3055 3812 3313 3880 Dimitte

1768 3918 1922 3999 illis,
1953 3919 2108 4003 quia
2158 3919 2458 3985 nesciunt
2498 3921 2653 4005 quid
2694 3920 2965 4003 faciunt,
2993 3944 3024 3984 s
3061 3928 3180 3989 etc.
3211 3921 3312 3989 Sic

1768 4025 1995 4092 beatus
2035 4026 2397 4110 Stephanus
2436 4027 2644 4093 oravit
2680 4028 2726 4069 ¹⁸
2763 4048 2880 4112 pro
2917 4048 2986 4096 se
3022 4031 3309 4115 lapidan-

1769 4132 1969 4199 tibus.

1851 4239 1937 4304 De
1962 4245 2192 4324 quarto
2230 4241 2273 4276 ¹⁹
2321 4262 2338 4304 ε
2378 4263 2410 4302 α
2437 4239 2512 4304 In
2558 4245 2845 4324 tempore
2885 4244 3316 4313 tribulationis

1771 4352 2026 4431 peccata
2065 4346 2331 4411 dimittis
2376 4346 2469 4413 eis
2512 4347 2626 4433 qui
2668 4348 2971 4417 invocant
3009 4358 3095 4418 te.
3141 4376 3174 4416 ι
3237 4354 3316 4422 Et

1773 4453 1979 4518 cordis
2006 4454 2419 4533 contritione;
2458 4451 2814 4538 Gregorius
2840 4464 2889 4499 ¹⁰
2920 4477 2938 4525 z
2975 4484 3007 4522 α
3032 4460 3317 4544 Flagella

1774 4560 2093 4625 honorum
2121 4566 2232 4626 aut
2267 4561 2423 4627 vitia
2466 4567 2827 4647 perpetrata
2859 4573 3143 4651 purgant
3157 4619 3180 4650 ,
3204 4577 3317 4637 aut

1777 4688 1926 4754 quae
1954 4675 2250 4754 poterant
2281 4672 2633 4756 perpetrari
2674 4673 2894 4739 futura
2936 4676 3248 4745 devitant.
3275 4702 3307 4743 n

1774 4776 1917 4843 Non
1960 4777 2171 4842 solum
2229 4778 2298 4843 in
2341 4779 2751 4845 tribulatione
2806 4784 3195 4865 poenitentiae
3247 4787 3317 4852 in

1777 4884 2044 4964 mundo,
2074 4884 2182 4950 sed
2209 4886 2400 4951 etiam
2444 4904 2652 4970 poenae
2698 4888 2767 4952 in
2810 4893 3191 4974 purgatorio
3225 4893 3318 4958 di-

1780 4992 2072 5057 mittetur
2098 4995 2314 5057 reatus
2338 4999 2743 5077 peccatorum
2769 4996 2813 5033 ¹¹
2846 5019 2862 5061 :
2885 4996 3202 5065 «Dimissa
3225 5005 3319 5067 est

1777 5099 2082 5183 iniquitas
2125 5098 2298 5163 illius
2339 5122 2373 5162 n
2429 5122 2445 5164 z
2488 5099 2966 5171 Interlinearis:
3008 5108 3135 5171 «ln
3157 5107 3316 5192 bap-

1777 5287 1842 5300 —
1885 5263 1920 5298 ¹¹
1958 5261 2086 5321 dac„
2132 5271 2177 5324 1,
2217 5263 2300 5311 12.
2326 5286 2386 5299 -
2420 5261 2462 5297 ¹²
2497 5261 2678 5327 Redi„
2719 5276 2835 5328 xxi,
2867 5269 2912 5317 ¹.
2936 5292 2998 5304 —
3032 5267 3077 5303 ¹⁸
3101 5266 3220 5321 leid.
3256 5295 3319 5308 —

1778 5333 1821 5370 ¹⁸
1847 5331 2029 5397 Emod„
2059 5342 2243 5395 mu,
2270 5334 2352 5382 3¹.
2372 5357 2437 5370 —-
2462 5332 2505 5369 ¹⁸
2531 5332 2710 5398 levit„
2739 5347 2811 5400 ιν,
2839 5338 2918 5389 26.
2937 5364 3000 5376 -
3030 5338 3071 5375 ¹⁸
3097 5339 3237 5391 Psal.
3265 5352 3320 5400 ι..

1782 5407 1939 5455 19.-
1965 5404 2007 5440 ¹‘¹
2029 5403 2171 5462 Luc„
2197 5414 2365 5467 xxm,
2393 5404 2473 5454 39.
2500 5429 2564 5443 —
2584 5403 2626 5438 ¹⁸
2646 5404 2775 5467 Act„
2806 5417 2897 5470 vu,
2922 5410 3000 5460 ⁸9.
3026 5433 3089 5448 -—
3118 5409 3157 5445 ¹⁸
3187 5408 3318 5476 Tob„

1783 5487 1872 5539 ιιι,
1906 5478 1987 5526 13.
2024 5500 2086 5512 —-
2114 5474 2156 5509 ²⁰
2184 5476 2361 5539 Greg„
2392 5473 2599 5538 Horat„
2626 5474 2718 5528 lib.
2748 5478 2892 5543 xvi,
2920 5492 2968 5532 c.
2998 5492 3123 5549 xm,
3154 5496 3206 5534 n.
3237 5487 3317 5535 ⁸2.

1780 5573 1841 5583 —
1867 5546 1904 5581 ²¹
1931 5547 2052 5608 lea„
2080 5556 2170 5609 ιι,
2198 5549 2245 5597 2.
