4059 6317
703 581 908 661 Quam
947 581 1307 649 maximum
1339 581 1690 648 dilectionis
1721 579 1834 646 Dei
1859 577 2245 645 beneficium

702 695 832 770 est,
863 691 1034 775 quod
1076 684 1194 775 pro
1232 689 1601 773 hujusmodi
1639 705 1758 773 pro
1792 686 2071 753 inimicis
2100 702 2243 750 mo-

699 797 865 863 ritur
907 797 1223 867 Christus!
1272 797 1681 879 Augustinus
1720 797 1741 835 ¹
1771 817 1789 861 ι
1826 818 1859 857 α
1885 793 2069 872 Quod
2108 796 2242 858 tam

699 906 1080 971 heneficium
1101 953 1119 984 ‚
1158 923 1355 989 quam
1399 904 1788 988 sanguinem
1826 903 1986 986 justi
2035 900 2243 967 delere

698 1012 1204 1097 chirographum
1227 1013 1571 1096 peccatoris
1585 1013 1619 1076 ⁰?
1646 1034 1678 1071 n

777 1119 866 1185 De
891 1120 1078 1185 tertio
1096 1167 1113 1200 ,
1141 1120 1313 1205 quod
1338 1121 1408 1185 in
1433 1119 1905 1185 monimentum
1940 1116 2242 1191 mcorda-

696 1227 892 1294 tionis
917 1228 1093 1295 dedit
1117 1228 1403 1294 animam
1429 1246 1610 1293 suam
1629 1276 1647 1309 ,
1678 1232 1754 1292 ut
1779 1242 2115 1309 nunquam
2142 1222 2244 1288 sui

695 1334 1169 1416 obliviscamur,
1199 1335 1431 1401 dicitur
1456 1343 1482 1378 ¹
1508 1359 1523 1398 ε
1549 1359 1581 1397 α
1600 1334 1879 1401 Gratiam
1907 1333 2240 1414 fidejusso-

694 1446 787 1512 ris
808 1447 907 1513 tui
933 1465 1017 1512 ne
1040 1446 1463 1524 obliviscaris,
1483 1445 1655 1512 dedit
1678 1444 1853 1512 enim
1879 1460 1997 1528 pro
2023 1445 2085 1507 te
2114 1440 2245 1506 ani-

694 1571 871 1619 mam
901 1572 1155 1619 suam.»
1181 1553 1546 1637 Fidejussor
1569 1556 1783 1618 noster
1816 1549 2102 1617 Christus
2121 1551 2241 1614 est.

696 1660 896 1727 Totus
904 1661 1187 1727 mundus
1199 1679 1315 1745 per
1322 1659 1703 1726 sententiam
1721 1657 1831 1724 Dei
1849 1656 2058 1724 Patris
2072 1657 2244 1721 dam·

695 1772 888 1834 natus
898 1769 1041 1849 fuit3
1073 1768 1464 1851 compatiens
1486 1771 1703 1833 autem
1731 1765 1841 1832 Dei
1868 1764 2069 1830 Filius
2092 1763 2243 1828 flde-

678 1876 878 1958 ·jussit
901 1893 1019 1959 pro
1033 1875 1238 1942 nohis.
1265 1874 1479 1941 Potest
1503 1877 1719 1939 autem
1741 1872 1938 1938 homo
1969 1889 2089 1955 pro
2105 1874 2241 1935 tam

695 2000 939 2064 magna
963 2001 1037 2048 re
1052 1975 1198 2066 fidej
1207 1983 1425 2063 ubere,
1446 1981 1615 2065 quod
1634 1982 1920 2064 oporteat
1934 1996 2085 2043 eum
2098 1995 2243 2062 pro-

692 2090 961 2173 pterhoc
975 2090 1358 2174 quandoque
1365 2089 1724 2172 relinquere
1736 2086 2023 2165 domum,
2040 2103 2242 2168 quan-

690 2196 900 2281 doque
922 2202 1123 2263 totam
1148 2197 1585 2263 haereditatem
1618 2212 1827 2274 suam,
1852 2192 2239 2283 quandoque

689 2304 881 2369 etiam
898 2305 1097 2370 vitam
1110 2323 1319 2370 suam.
1337 2301 1441 2370 Sic
1460 2310 1524 2369 et
1553 2303 1633 2386 (a)
1662 2302 1996 2384 fideiussor
2022 2302 2239 2364 noster

689 2414 838 2481 fecit
858 2415 1143 2481 Christus
1164 2417 1187 2451 ⁸
1214 2438 1229 2482 ε
1275 2439 1307 2478 c
1335 2414 1583 2498 Reliqui
1609 2416 1876 2481 domum
1895 2431 2129 2493 meam,
2149 2412 2240 2476 di-

691 2523 836 2588 misi
879 2522 1317 2590 haereditatem
1345 2541 1581 2603 meam,
1613 2522 1758 2588 dedi
1778 2521 2072 2587 dilectam
2103 2518 2239 2584 ani-

689 2648 864 2695 mam
883 2649 1093 2695 meam
1114 2631 1187 2695 in
1204 2649 1435 2696 manus
1452 2630 1868 2695 inimicorum
1886 2629 2049 2710 eJus.
2072 2647 2103 2685 ι»
2123 2624 2238 2690 Do-

687 2755 834 2801 mus
849 2740 946 2802 est
970 2737 1236 2819 coelum3
1260 2737 1633 2817 haereditas,
1663 2752 2026 2820 synagoga.
2056 2732 2231 2799 Psal-

689 2845 897 2910 mus⁸z
923 2869 956 2908 α
972 2844 1286 2911 Restitues
1309 2844 1754 2910 hoereditatem
1770 2861 1981 2908 meam
2004 2840 2225 2906 mihi.»

688 2949 1038 3017 Haereditas
1078 2968 1199 3016 sua
1244 2950 1495 3016 Christo
1530 2951 1902 3016 restituetur
1920 2996 1942 3030 ,
1976 2945 2235 3032 quando

687 3053 893 3120 Judaei
931 3060 1383 3121 convertentur
1425 3061 1448 3097 ⁸
1495 3077 1511 3121 ε
1560 3079 1593 3117 α
1632 3053 1890 3121 Caecitas
1931 3070 2015 3117 ex
2055 3054 2234 3134 parte

687 3161 953 3244 contigit
989 3162 1066 3246 (b)
1104 3162 1173 3228 in
1201 3161 1394 3228 lsrael
1412 3210 1430 3242 ‚
1469 3161 1668 3227 donec
1712 3159 2040 3244 plenitudo
2066 3175 2230 3239 gen·

687 3268 855 3334 tium
893 3268 1313 3348 subintraret,
1345 3268 1528 3333 etsie
1550 3268 1763 3333 omnis
1794 3265 1987 3331 Israel
2013 3265 2234 3332 salvus

687 3375 890 3441 fieret.
911 3396 943 3436 ι
978 3372 1121 3441 Non
1150 3374 1359 3440 solum
1385 3379 1602 3441 autem
1625 3375 1747 3440 fuit
1770 3373 2057 3440 Christus
2083 3372 2232 3437 flde-

679 3483 900 3565 jussor
926 3482 1208 3548 hominis
1236 3483 1315 3548 ad
1344 3482 1622 3562 Patrem,
1653 3482 1764 3547 sed
1797 3481 1990 3547 etiam
2026 3478 2234 3545 Patris

686 3593 751 3655 et
776 3589 1057 3655 hominis
1096 3589 1173 3672 (c)
1212 3594 1518 3673 tanquam
1546 3588 1956 3655 fidelissimus
1983 3586 2231 3651 media-

687 3699 807 3760 tor.
840 3696 1243 3779 Augustinus
1281 3697 1304 3732 ⁶
1336 3715 1353 3761 ε
1391 3719 1424 3757 α
1451 3696 1614 3775 Quia
1644 3693 2015 3760 incredibile
2055 3693 2234 3759 vide-

684 3802 862 3868 bitur
914 3803 1288 3869 hominibus
1312 3805 1346 3868 ‘I
1390 3825 1422 3865 ι
1472 3802 1745 3886 Require
1805 3801 1873 3865 in
1936 3817 2233 3866 sermone

685 3927 881 3993 supra
913 3932 929 3975 ε
959 3911 1045 3978 Si
1069 3911 1408 3979 veritatem
1432 3909 1578 3978 dico
1603 3916 1651 3973 ⁷.

767 4018 854 4082 De
871 4021 1099 4101 quarto
1116 4023 1141 4060 ⁸
1161 4036 1176 4080 ε
1198 4040 1230 4081 α
1248 4016 1360 4082 1116
1374 4033 1489 4101 pro
1516 4017 1702 4083 nobis
1726 4016 2012 4081 animam
2043 4035 2231 4082 suam

684 4124 927 4209 posuit;
960 4128 1024 4189 et
1051 4143 1170 4190 nos
1196 4125 1500 4191 dehemus
1523 4142 1641 4207 pro
1663 4124 1967 4191 fratribus
1982 4124 2231 4189 animas

684 4249 939 4315 ponere.
1006 4230 1127 4310 Qui
1183 4231 1479 4297 hahuerit
1526 4230 1940 4297 substantiam
2000 4231 2229 4297 mundi

685 4338 921 4422 hujus,
952 4343 1017 4404 et
1041 4338 1278 4411 viderit
1315 4338 1580 4403 fratrem
1607 4356 1798 4403 suum
1840 4356 2090 4403 necesse
2117 4338 2229 4402 ha-

683 4444 857 4525 here,
886 4451 949 4511 et
975 4446 1269 4511 clauserit
1293 4446 1540 4510 viscera
1558 4462 1678 4510 sua
1688 4445 1770 4509 ab
1784 4463 1882 4524 ee,
1907 4446 2229 4529 quomodo

684 4552 959 4617 charitas
993 4551 1104 4617 Dei
1139 4556 1356 4617 manet
1383 4553 1450 4616 in
1479 4554 1595 4617 eo?
1620 4574 1652 4613 υ
1687 4551 1846 4618 Ecce
1872 4553 1927 4616 si
1950 4571 2069 4637 pro
2091 4554 2230 4619 sra-

685 4659 888 4724 tribus
914 4659 1104 4725 debes
1139 4677 1376 4743 ponere
1398 4658 1677 4724 animam
1688 4705 1711 4738 ‚
1737 4664 1976 4741 quanto
2010 4661 2228 4742 magis

686 4766 1099 4848 temporalem
1149 4765 1568 4833 substantiam
1593 4767 1625 4829 ⁸?
1667 4764 1977 4850 Exemplo
2007 4773 2225 4833 autem

686 4872 913 4939 Christi
960 4890 1093 4939 non
1143 4872 1349 4938 solum
1394 4889 1512 4956 pro
1562 4871 1886 4954 fratribus,
1924 4872 2058 4940 imo
2109 4893 2226 4958 pro

685 4980 932 5055 Christo
957 4981 1240 5046 animam
1265 4998 1505 5064 ponere
1529 4980 1833 5046 debemus
1848 5030 1867 5061 ,
1896 4981 2062 5048 sicut
2088 4982 2227 5066 ipse

681 5107 798 5172 pro
824 5090 1010 5155 nobis
1050 5108 1194 5155 eam
1234 5089 1488 5174 posuit3
1534 5090 1697 5154 sicut
1741 5087 1966 5156 Petrus
1991 5091 2220 5171 voluit,

741 5216 758 5251 ¹
789 5220 922 5281 Aug.
946 5240 1012 5253 —
1038 5216 1064 5251 ¹
1093 5214 1275 5279 Eccli„
1305 5227 1453 5280 xxix,
1474 5216 1553 5265 20.
1583 5239 1646 5252 ·-
1675 5213 1923 5277 Uerum„
1953 5228 2053 5281 ιιι,
2082 5219 2129 5268 7.
2159 5206 2225 5257 -ῗ

677 5284 697 5322 ⁸
717 5285 862 5337 Peat.
881 5298 970 5350 xv,
988 5289 1106 5337 5.-
1132 5288 1150 5318 ⁸
1168 5287 1326 5348 Rom„
1357 5297 1430 5349 ιι,
1458 5289 1605 5337 25.-
1635 5284 1654 5316 ⁸
1678 5286 1875 5351 Aug.—
1894 5288 1912 5320 ⁷
1941 5288 2060 5340 vid.
2084 5303 2222 5355 sup„

678 5357 731 5407 in
769 5360 1020 5421 Passim,
1052 5372 1209 5410 serm.
1250 5371 1314 5423 11,
1341 5371 1393 5423 p.
1430 5359 1539 5421 1¹19,
1569 5355 1825 5409 601.3.-
1858 5358 1877 5390 ⁸
1906 5359 1925 5409 1
1950 5359 2120 5427 Ιοαπ.,
2139 5373 2221 5424 ιιι

679 5430 759 5497 16,
789 5432 863 5483 ¹7.
891 5455 954 5470 —-
979 5431 1000 5462 ⁹
1019 5433 1186 5498 .Ιοωι.,
1218 5441 1336 5496 1111,
1364 5432 1444 5480 37.
1464 5434 1536 5468 ‘—
1560 5430 1600 5464 ¹⁰
1627 5428 1744 5492 Tit„
1778 5440 1811 5491 ι,
1842 5432 1923 5481 16.
1949 5456 2010 5469 -
2042 5432 2078 5468 ¹¹
2109 5432 2219 5497 Job,

1803 437 2220 511 SERMONES
2264 437 2365 506 DE
2405 435 2801 506 TEMPORE.

2349 574 2603 659 quando
2628 572 2827 641 dixit·
2858 595 2874 639 ε
2908 595 2941 634 α
2971 572 3273 640 Animam
3319 591 3531 640 meam
3572 594 3739 660 pono
3770 595 3881 663 pro

2348 685 2412 747 te
2438 703 2454 746 z
2478 703 2510 743 n
2540 681 2654 765 qui
2677 681 2825 746 licet
2848 683 3065 765 postea
3086 681 3443 763 negaverit,
3472 685 3687 749 tamen
3718 686 3882 767 gallo

2348 795 2641 859 cantante
2658 791 2832 856 flevit
2844 808 3081 855 amare.
3103 789 3152 855 Ο
3170 794 3328 873 quot
3349 808 3502 856 cum
3528 790 3716 857 Petro
3733 812 3880 877 quo-

2348 897 2501 964 tidie
2549 901 2793 980 negant
2833 896 3154 963 Christum
3172 946 3190 977 ‚
3223 898 3280 962 si
3321 917 3453 964 non
3493 917 3639 980 ore,
3672 905 3880 967 tamen

2348 1021 2539 1087 opere
2564 1008 2581 1068 1
2609 1005 2656 1042 ¹⁰
2679 1029 2712 1066 α
2737 1005 3129 1071 Confitentur
3152 1023 3223 1069 se
3247 1023 3435 1071 nosse
3461 1005 3681 1086 Deum,
3712 1007 3885 1072 factis

2347 1116 2562 1178 autem
2598 1116 2862 1196 negant.
2908 1136 2942 1175 n
2980 1112 3060 1179 Et
3099 1132 3229 1179 non
3272 1118 3526 1180 tantum
3563 1119 3665 1180 ter
3691 1116 3886 1181 Chris-

2347 1223 2513 1301 tum,
2545 1221 2710 1286 sicut
2727 1220 2955 1287 Petrus
2974 1242 2993 1300 ;
3022 1221 3156 1287 imo
3174 1221 3405 1287 millies
3428 1221 3630 1306 aliqui
3654 1224 3888 1289 facino-

2348 1331 2529 1397 ribus
2554 1333 2688 1398 suis
2715 1339 3155 1415 negaverunt,
3185 1337 3491 1399 ettamen
3517 1353 3671 1400 cum
3705 1334 3883 1401 Petro

2347 1457 2477 1503 non
2492 1439 2668 1505 ssent.
2682 1439 2898 1505 Gallus
2913 1440 3087 1505 enim
3100 1440 3477 1524 praedicator
3497 1445 3596 1507 ea
3608 1443 3653 1479 ¹²
3668 1464 3731 1506 :a
3745 1442 3888 1521 Quis

2347 1545 2520 1611 dedit
2544 1546 2721 1629 gallo
2736 1547 3227 1629 intelligentiam
3246 1549 3279 1612 ⁴?
3306 1569 3339 1608 n

2891 1725 3181 1797 SERMO
3222 1727 3343 1799 IV.

2426 1870 2612 1937 Alias
2631 1884 2776 1937 oves
2790 1868 3006 1951 habeo,
3018 1886 3296 1954 quoemm
3309 1876 3463 1939 sunt
3474 1887 3564 1939 est·
3574 1872 3690 1941 hoc
3706 1875 3880 1954 ovili,

2347 1983 2411 2046 et
2428 1977 2579 2045 illas
2596 1982 2833 2061 oportet
2848 1994 2947 2044 me
2969 1978 3285 2047 adducere
3307 1980 3375 2042 ¹¹.
3398 1979 3542 2046 Istae
3572 1998 3730 2047 ovas
3752 1982 3885 2049 fue-

2346 2090 2500 2151 runt
2522 2090 2745 2167 gentes
2769 2085 3103 2151 crediturae
3118 2087 3187 2151 in
3206 2086 3555 2170 Christum,
3584 2108 3733 2172 quae
3761 2109 3886 2155 non
4003 2172 4009 2178 ἡ

2342 2190 2608 2257 fuerunt
2646 2192 2725 2257 de
2757 2191 2910 2257 ovili
2940 2190 3271 2273 Ecclesiae,
3299 2212 3463 2278 quas
3484 2194 3755 2261 adduxit
3774 2214 3886 2280 per

2343 2298 2537 2364 fldem
2558 2346 2578 2377 ‚
2607 2303 2671 2364 et
2695 2317 2901 2364 unum
2944 2299 3111 2364 ovile
3144 2317 3259 2382 per
3298 2319 3501 2366 unam
3544 2301 3885 2368 Ecclesiam

2343 2405 2423 2472 de
2457 2406 2698 2473 Judaeis
2731 2409 2797 2470 et
2833 2406 3134 2488 gentibus
3182 2407 3347 2472 fecit.
3392 2408 3442 2474 Ο
3484 2410 3730 2490 felices,
3776 2412 3885 2495 qui

2342 2517 2679 2580 merentur
2704 2532 2842 2580 esse
2871 2532 3025 2580 oves
3044 2514 3293 2596 Christi,
3320 2535 3453 2582 non
3472 2519 3646 2602 porci
3673 2519 3887 2584 diabo-

2341 2621 2388 2686 li
2412 2623 2429 2685 l
2461 2621 2510 2688 Ο
2536 2620 2747 2686 felices
2764 2670 2783 2702 ,
2823 2621 2941 2706 qui
2969 2639 3083 2704 per
3111 2622 3429 2689 Christum
3457 2625 3883 2707 adducuntur,

2342 2733 2405 2793 et
2447 2747 2582 2795 non
2620 2746 2737 2811 per
2775 2728 3102 2795 diabolum
3131 2729 3562 2797 seducuntur!
3590 2732 3887 2800 Conside-

2343 2836 2624 2900 randum
2648 2853 2805 2919 ergo
2832 2837 3003 2919 quod
3030 2834 3315 2902 Christus
3341 2856 3497 2904 oves
3520 2858 3671 2905 suas
3693 2841 3888 2906 addu-

2341 2943 2448 3023 cit,
2480 2941 2754 3024 deducit,
2775 2943 3086 3026 perducit,
3120 2944 3352 3025 educit,
3380 2945 3648 3012 inducit.
3677 2947 3886 3013 Addu-

2340 3050 2428 3116 eit
2467 3050 2641 3115 enim
2688 3051 3063 3134 poenitentes
3089 3100 3112 3132 ,
3159 3051 3414 3117 deducit
3462 3055 3882 3137 perficientes,

2340 3156 2627 3240 perducit
2663 3162 3177 3224 consummantes
3197 3208 3214 3239 ,
3246 3160 3460 3226 educit
3491 3162 3878 3243 decedentes,
3936 3162 3948 3177 ‘

2340 3263 2581 3329 inducit
2608 3265 3078 3348 pervenienteS‚
3109 3266 3347 3332 scilieet
3372 3266 3453 3332 ad
3480 3266 3761 3333 Patrem.

2419 3371 2506 3438 De
2552 3374 2763 3456 primo
2806 3374 2911 3440 hic
2958 3375 3191 3441 dicitur
3232 3394 3250 3441 t
3292 3375 3454 3443 Illas
3499 3385 3747 3460 oportet
3785 3395 3879 3446 me

2340 3479 2675 3562 adducere,
2694 3479 2931 3545 scilicet
2949 3499 3063 3565 per
3082 3481 3561 3549 conversionem
3582 3485 3628 3521 ¹⁸
3648 3507 3663 3549 ε
3694 3485 3884 3568 Igno-

2341 3607 2443 3654 ras
2482 3588 2657 3671 quod
2691 3587 3058 3670 benignitas
3090 3588 3199 3654 Dei
3228 3593 3294 3654 te
3327 3590 3406 3655 ad
3447 3592 3880 3674 poenitentiam

2339 3697 2629 3763 adducit?
2660 3718 2693 3757 n
2727 3700 2848 3761 etc.
2897 3695 2985 3761 De
3032 3698 3220 3762 modo
3273 3701 3493 3763 autem
3536 3700 3879 3767 adducendi

2339 3804 2573 3871 dicitur
2600 3804 2646 3841 ²*
2677 3825 2694 3868 z
2734 3826 2768 3865 c
2793 3802 3082 3869 Elevavit
3121 3821 3226 3870 me
3251 3803 3511 3888 spiritus
3542 3807 3711 3873 inter
3748 3826 3877 3873 οω-

2337 3912 2478 3978 lum
2530 3915 2595 3978 et
2632 3915 2894 3991 terram,
2933 3918 2999 3976 et
3021 3911 3284 3977 adduxit
3324 3931 3432 3977 me
3476 3912 3546 3978 in
3580 3914 3879 3981 Hierusa-

2339 4018 2488 4084 lem.
2516 4041 2549 4080 ιι
2580 4017 2701 4097 Qui
2723 4036 2882 4100 ergo
2913 4018 2983 4081 in
3006 4017 3326 4084 coeloetem
3354 4019 3750 4087 Hierusalem
3761 4040 3875 4088 vo-

2336 4126 2528 4191 luerit
2549 4126 2792 4205 venire,
2811 4124 3040 4190 adduci
3058 4125 3244 4190 dehet
3255 4143 3371 4210 per
3391 4125 3701 4211 Spiritum
3712 4147 3875 4193 sane-

2338 4235 2500 4313 tum,
2527 4239 2592 4298 et
2613 4232 2725 4312 sic,
2755 4232 2925 4315 quod
2944 4250 3153 4315 neque
3174 4233 3414 4299 eoelum
3437 4254 3553 4319 per
3576 4254 3874 4321 praesum·

2336 4340 2620 4422 ptionem
2636 4387 2659 4419 ,
2701 4357 2910 4423 neque
2954 4345 3195 4405 terram
3228 4359 3343 4424 per
3378 4341 3872 4426 desperationem

2342 4451 2570 4528 tangat
2595 4469 2612 4525 ;
2642 4445 2747 4514 vel
2773 4446 2887 4526 sie,
2909 4444 2991 4528 (d)
3023 4464 3234 4530 neque
3259 4446 3492 4512 coelum
3521 4452 3747 4531 tangat
3764 4464 3874 4531 per

2336 4555 2698 4637 superbiam
2723 4555 2768 4591 ¹⁸
2791 4575 2853 4619 :a
2869 4552 2938 4619 Si
2963 4553 3314 4620 ascenderit
3325 4556 3395 4620 in
3412 4556 3650 4622 eoelum
3666 4573 3871 4639 super-

2334 4661 2441 4726 bia
2462 4663 2629 4744 ejus,
2652 4665 2717 4726 et
2741 4664 2935 4743 caput
2962 4662 3107 4745 eius
3130 4663 3336 4728 nubes
3355 4663 3661 4746 tetigerit,
3691 4661 3870 4747 quasi

2334 4768 2806 4852 sterquilinium
2842 4769 2912 4833 in
2936 4770 3067 4834 fine
3094 4770 3439 4852 perdetur:
3468 4793 3501 4833 n
3527 4789 3737 4856 neque
3754 4774 3872 4834 ter·

2335 4895 2477 4942 ram
2504 4895 2620 4959 per
2652 4876 2987 4941 avaritiam
3004 4924 3022 4957 ‚
3054 4876 3160 4940 vel
3184 4878 3753 4961 concupiscentiam
3774 4877 3866 4940 ¹³:

2342 5005 2374 5045 α
2398 4981 2534 5064 Vas,
2564 5001 2690 5064 vae,
2719 5000 2821 5048 vae
2849 4982 3286 5048 habitantibus
3309 4984 3382 5048 in
3406 4987 3603 5051 terra.
3629 5004 3662 5044 a

2337 5138 2571 5191 xxxvm,
2598 5128 2675 5180 36.
2703 5152 2767 5165 -
2806 5126 2847 5161 ¹²
2870 5126 3036 5191 lom„
3044 5138 3127 5231 ⁸x,
3163 5128 3244 5179 16.
3279 5152 3340 5166 --
3379 5127 3420 5164 ¹⁸
3448 5127 3607 5187 Rom.⁹
3636 5138 3705 5191 11,
3730 5126 3776 5176 1.
3806 5146 3867 5163 -

2334 5199 2617 5335 v‘nf‘ffihq
2668 5210 2791 5264 vin,
2838 5202 2992 5253 3.-
3058 5198 3865 5266 ⁸10⁶,xx,6.-¹·Apoc..

2396 5360 2465 5425 (α)
2490 5362 2606 5425 Leq.
2633 5361 2869 5414 sicut.—
2808 5359 2967 5427 -(ὁ)
2995 5360 3120 5412 eet.
3147 5359 3273 5412 edit.
3296 5361 3647 5471 contingit.—
3671 5360 3734 5427 (ο)
3753 5359 3862 5426 ιη.

2334 5434 2803 5486 adhominem.—
2836 5433 3323 5502 (d)8upp1.quod.
