4059 6317
1150 453 1252 520 DE
1293 447 1366 519 B.
1405 440 1805 520 GREGoluo
1847 444 2083 522 PAPA.
2126 449 2393 525 SERMO
2438 454 2514 523 11.

226 605 411 667 opere
439 592 499 649 et
527 589 760 650 effectu.
804 592 871 650 ln
908 587 1279 648 naturalibus
1316 588 1398 647 ita
1434 591 1557 661 est,
1604 587 1773 663 quod

221 683 451 743 fructus
478 684 735 743 ostendit
752 683 947 758 qualis
974 683 1048 742 sit
1072 683 1274 742 arbor.
1298 685 1382 741 Ex
1401 681 1596 741 fructu
1617 680 1779 741 enim

223 778 411 837 arbor
436 778 815 852 cognoscitur
843 796 859 835 z
887 776 970 835 sic
997 780 1232 849 etopus
1257 776 1517 835 hominis
1544 776 1779 851 sapien·

224 872 370 931 tiam
400 873 742 931 interiorem
769 870 1039 930 ostendit.
1072 871 1235 930 Unde
1264 870 1478 929 dicitur
1502 872 1560 928 ¹:
1597 869 1777 939 «Quis

225 967 466 1043 sapiens
506 973 563 1025 et
602 967 979 1042 diciplinatus
1013 965 1166 1024 inter
1200 982 1311 1023 vos
1329 966 1358 1020 ¹?
1399 963 1671 1022 ostendat
1705 979 1780 1021 ex

224 1062 395 1121 bona
422 1062 870 1122 conversatione
901 1059 1307 1136 operationem
1332 1074 1503 1116 suam
1528 1059 1592 1116 in
1617 1072 1781 1116 man-

226 1156 545 1215 suetudine
580 1156 900 1233 sapientiae.
921 1174 952 1211 1)
983 1153 1097 1213 Sed
1123 1154 1256 1229 quis
1281 1151 1460 1210 hodie
1487 1151 1782 1209 118118188-

225 1250 517 1325 pientiam
557 1249 888 1324 operandi‘?
938 1247 1238 1323 Sapientes
1278 1248 1415 1303 sunt
1462 1248 1527 1303 ut
1563 1243 1785 1303 faciant

227 1343 423 1414 111818;
453 1342 610 1402 bene
646 1348 848 1402 autem
880 1342 1074 1401 facere
1111 1341 1464 1399 nescierunt.
1502 1341 1650 1407 Nam
1687 1354 1783 1398 sa-

229 1437 462 1512 pientes
486 1438 669 1497 hodie
695 1440 997 1512 putantur,
1037 1435 1147 1510 qui
1167 1434 1358 1493 sciunt
1381 1432 1511 1492 vias
1537 1432 1616 1492 ad
1640 1449 1782 1507 pec-

234 1532 499 1591 candum
525 1532 857 1608 exquirere,
879 1530 1189 1607 proximos
1213 1527 1583 1599 conculcare,
1610 1543 1788 1602 pecu·

232 1626 402 1684 niam
446 1641 810 1700 congregare
830 1666 852 1697 ,
903 1624 1065 1684 bella
1117 1623 1465 1699 disponere,
1511 1620 1789 1679 incendia

233 1736 579 1795 procurare,
607 1718 664 1778 e‘t
692 1720 895 1779 omnia
920 1719 1063 1778 talia
1086 1717 1316 1777 facere:
1344 1733 1455 1793 per
1480 1716 1606 1775 haec
1627 1714 1788 1774 enim

234 1816 297 1871 et
322 1812 540 1870 similia
565 1813 790 1871 faciunt
808 1813 923 1872 sibi
948 1828 1193 1886 nomen,
1225 1814 1284 1870 et
1306 1810 1549 1869 famam.
1585 1811 1791 1868 Narrat

235 1909 629 1982 Hieronymus
647 1905 690 1979 ⁸,
712 1906 881 1981 quod
900 1905 1146 1982 quidam
1162 1905 1274 1964 fuit
1292 1902 1456 1979 apud
1473 1902 1789 1977 Ephesum,

235 2001 366 2077 qui,
396 2016 534 2059 cum
560 1999 739 2059 vellet
790 1999 904 2058 sibi
937 1999 1134 2059 facere
1169 2014 1414 2069 nomen,
1450 2012 1562 2055 nec
1593 2000 1795 2070 posset

234 2110 347 2169 per
391 2094 643 2170 aliquod
685 2094 939 2165 bonum,
986 2093 1263 2167 cogitavit
1307 2091 1499 2151 facere
1543 2091 1791 2165 aliquod

234 2186 489 2261 18811188,
515 2204 624 2263 per
650 2188 818 2263 quod
844 2187 1014 2246 fieret
1045 2187 1269 2245 cunctis
1296 2189 1491 2245 notus.
1522 2187 1791 2260 Cumque

237 2283 544 2355 cogitaret,
573 2282 723 2357 quid
748 2280 965 2340 faceret
986 2285 1206 2357 posset,
1225 2284 1398 2339 nocte
1416 2280 1541 2351 ivit,
1571 2280 1628 2336 et
1652 2282 1795 2337 tem-

235 2377 411 2454 plum
436 2377 634 2436 Dianoe
656 2377 1121 2436 famosissimum
1142 2374 1305 2451 apud
1332 2375 1470 2433 illos
1506 2372 1787 2432 incendit.

237 2474 505 2545 Cumque
532 2473 888 2546 quaereretur
907 2473 1113 2529 auctor
1128 2468 1428 2542 facinoriS,
1451 2466 1553 2525 ille
1584 2470 1793 2541 sponte

237 2581 303 2624 se
322 2565 560 2624 obtulit.
579 2564 931 2640 RequisituS‚
957 2580 1061 2622 cur
1086 2563 1202 2621 hoc
1227 2561 1464 2632 faceret,
1493 2559 1616 2619 ait:
1652 2580 1682 2615 α
1705 2562 1791 2632 Ut,

239 2660 386 2734 quia
410 2658 567 2718 bene
595 2674 721 2717 non
741 2664 1033 2732 poteram,
1049 2655 1206 2714 male
1233 2654 1515 2714 omnibus
1541 2655 1796 2712 innotes-

240 2767 461 2810 cerem.
481 2772 511 2807 1»
543 2755 860 2826 Nunquam
876 2753 1028 2810 Nero
1052 2752 1375 2824 imperator
1401 2748 1687 2823 potuisset
1711 2747 1795 2805 sic

239 2845 410 2921 apud
423 2845 720 2903 mundum
737 2845 865 2903 fieri
879 2844 1142 2903 famosus
1154 2859 1263 2917 per
1277 2842 1462 2914 bona,
1479 2858 1614 2917 quse
1630 2842 1795 2914 apud

241 2956 383 2998 eum
409 2941 578 2998 erant
598 2938 853 3010 modica,
882 2936 1032 2996 sicut
1065 2936 1253 2994 factus
1281 2939 1368 2994 est
1393 2952 1501 3011 per
1527 2934 1794 3010 turpissi-

237 3049 345 3093 ma
366 3033 528 3091 mala
551 3034 595 3090 θ.
625 3032 788 3090 Τ8188
814 3047 958 3105 ergo
973 3030 1154 3089 hodie
1176 3029 1452 3089 dicuntur
1478 3029 1792 3104 sapientes,

239 3143 382 3186 cum
424 3125 575 3184 nihil
616 3126 692 3184 de
741 3124 1033 3200 sapientia
1068 3123 1367 3196 habeant,
1422 3121 1529 3180 sed
1557 3122 1799 3181 stultitia

238 3236 482 3279 summa
505 3219 668 3295 pleni
695 3219 961 3278 existant.
991 3219 1015 3254 ⁴
1048 3237 1077 3272 α
1097 3216 1314 3275 Stultus
1337 3215 1526 3275 factus
1550 3220 1637 3274 est
1663 3233 1796 3275 om-

237 3314 337 3374 nis
372 3314 558 3372 homo
596 3330 635 3372 a
680 3313 924 3373 scientia
966 3328 1094 3371 sua.
1140 3332 1170 3366 ι
1218 3313 1296 3369 De
1336 3310 1468 3369 aliis
1516 3310 1798 3386 operibus

240 3408 433 3468 sancti
459 3407 723 3482 Gregorii
752 3422 951 3483 quaere
969 3406 1034 3465 in
1054 3404 1346 3478 Legenda,
1375 3405 1521 3480 quia
1544 3404 1798 3478 longum

239 3507 401 3561 esset
422 3502 519 3560 hic
545 3517 791 3577 ponere.

307 3598 560 3670 Quarto,
603 3595 783 3654 debet
827 3608 1114 3669 apparere
1162 3591 1449 3666 sapientia
1486 3595 1551 3650 in
1592 3589 1796 3649 affatu.

245 3693 379 3749 Non
422 3688 598 3748 debet
639 3689 824 3747 homo
864 3701 1219 3762 praesumere
1261 3684 1431 3760 loqui
1469 3683 1656 3742 verba
1700 3699 1798 3741 sa-

242 3785 508 3860 pientioe,
536 3782 635 3841 vel
663 3782 814 3840 alios
842 3780 1078 3838 docere.
1108 3779 1130 3813 ⁸
1163 3796 1193 3832 α
1220 3778 1408 3853 Coepit
1442 3780 1605 3837 Jesus
1637 3776 1796 3836 face-

241 3896 336 3952 re,
365 3883 425 3938 81
452 3878 688 3936 docere.
719 3895 749 3932 ι
780 3873 975 3933 Ρ111110
1017 3872 1174 3945 fecit,
1215 3875 1273 3930 et
1307 3875 1514 3948 postea
1539 3871 1743 3929 docuit
1781 3887 1797 3928 ε

245 3975 336 4032 818
361 3976 422 4032 et
443 3973 656 4033 beatus
680 3972 994 4045 Gregorius
1021 3969 1127 4051 diu
1154 3969 1220 4027 in
1247 3967 1606 4027 monasterio
1631 3966 1800 4042 prius

248 4072 371 4127 Deo
406 4067 675 4139 servivit,
705 4080 946 4124 carnem
967 4062 1205 4137 jejuniis
1246 4065 1304 4120 et
1352 4060 1566 4135 vigiliis
1610 4076 1803 4119 maee-

245 4161 425 4233 ravit‚
450 4160 722 4235 exempla
749 4159 825 4217 de
851 4174 915 4217 se
939 4154 1169 4216 virtutis
1199 4155 1489 4229 exhibuit,
1531 4155 1698 4213 etsie
1722 4153 1804 4213 ad

252 4254 518 4315 officium
545 4253 805 4313 doctoris
831 4251 1094 4312 accessit.
1123 4250 1355 4310 Sciebat
1372 4250 1534 4308 enim
1561 4252 1803 4324 Aposto-

245 4348 384 4407 lum
406 4346 622 4406 dixisse
642 4347 701 4405 ἐ
743 4367 774 4402 ι
798 4349 929 4405 Non
960 4345 1118 4404 enim
1148 4344 1344 4403 audeo
1371 4341 1604 4417 aliquid
1634 4341 1805 4416 loqui

247 4457 486 4512 eorum,
514 4456 770 4517 queeper
781 4456 880 4499 me
906 4455 1029 4499 non
1052 4437 1231 4497 efficit
1245 4435 1521 4495 Christus,
1536 4456 1566 4490 1»
1589 4436 1730 4494 Cato
1748 4435 1800 4492 ⁷:

323 4596 494 4660 Turpe
518 4596 598 4646 est
619 4594 853 4657 doctori,
879 4607 997 4645 cum
1020 4592 1171 4658 culpa
1193 4589 1464 4656 redarguit
1489 4588 1678 4655 ipsum.

249 4737 539 4808 Rhetores
575 4746 868 4806 definiunt
901 4749 1219 4816 oratorem,
1249 4741 1428 4818 quod
1459 4755 1584 4799 non
1612 4739 1809 4799 solum

251 4842 332 4901 sit
357 4842 449 4900 vir
471 4845 598 4901 arte
623 4841 879 4918 peritus,
906 4840 1015 4900 sed
1039 4840 1114 4898 sit
1152 4836 1586 4913 operebonus:
1625 4833 1808 4908 quia,

321 4987 336 5022 ¹
368 4986 495 5046 Iac„
524 4998 615 5050 111,
647 4988 724 5036 13.
755 5012 818 5022 -
846 4986 869 5021 ²
896 4985 1104 5037 Hieron.
1112 5020 1131 5047 ,
1157 4982 1270 5033 adv.
1298 4978 1522 5044 Helvid.,·
1552 4981 1603 5029 et
1634 4975 1803 5027 valer.

256 5058 421 5121 Max„
462 5056 553 5106 lib.
596 5058 741 5118 vm,
790 5071 837 5108 c.
874 5069 985 5118 xlv,
1026 5068 1082 5105 n.
1124 5059 1174 5116 5;
1225 5053 1417 5115 Strab„
1455 5050 1547 5101 lib.
1587 5047 1718 5099 xlv.
1747 5073 1810 5085 —

257 5133 284 5166 ⁸
315 5130 436 5180 vid.
475 5119 615 5195 ap'ud
654 5130 891 5191 sueton„
934 5128 988 5178 in
1032 5127 1258 5187 Nerone,
1305 5124 1416 5190 ejus
1458 5118 1812 5187 petulantiam,

256 5200 557 5265 libidinem,
591 5199 873 5265 luxuriam,
900 5198 1201 5261 avaritiam,
1226 5202 1327 5248 etc.
1356 5222 1412 5233 —
1447 5196 1466 5226 ⁴
1502 5195 1701 5253 der-em„
1736 5202 1815 5253 ιι,

262 5273 436 5322 17.-
475 5271 497 5308 ⁸
534 5272 670 5336 Act„
717 5284 769 5336 1,
813 5276 856 5323 1.
904 5295 964 5311 -
1003 5270 1024 5302 ⁰
1063 5270 1221 5334 nonu,
1260 5278 1349 5332 nt,
1392 5268 1470 5317 18.
1511 5290 1576 5303 -
1611 5264 1640 5297 ⁹·
1669 5263 1815 5325 Gato,

258 5343 512 5393 ΡΜ.
543 5346 583 5395 Ι.
603 5368 665 5382 -
683 5344 703 5374 ⁸
726 5342 858 5407 Cic.,
878 5343 940 5393 de
959 5343 1181 5402 Orator..
1207 5340 1298 5391 tib.
1327 5339 1392 5390 ll.
1410 5362 1471 5376 -·-
1492 5338 1512 5369 ⁹
1529 5333 1815 5397 Plutarch„

267 5413 367 5465 Vit.
410 5414 581 5478 Aleoe.;
622 5414 847 5467 Curtius.
879 5415 944 5465 de
984 5413 1089 5466 reb.
1125 5414 1284 5478 gestie
1317 5409 1494 5468 Aac..
1539 5408 1629 5459 lib.
1665 5407 1728 5470 V,
1766 5407 1819 5454 et

3310 457 3429 525 tua

1883 590 2034 651 sicut
2054 592 2280 666 dieunt,
2318 592 2558 653 dicendi
2582 591 2780 669 perdit
2798 590 3207 652 auctoritatem
3223 592 3283 649 et
3317 589 3430 648 do-

1884 685 2093 758 cendi,
2127 687 2234 763 qui
2271 685 2434 759 dicit,
2458 690 2515 745 et
2548 701 2672 745 non
2705 684 2862 747 tacit.
2891 684 3055 743 Unde
3099 683 3324 744 Tullius
3359 683 3383 721 ⁸
3410 700 3427 741 2

1888 799 1919 834 «t
1935 782 2123 855 Caput
2136 786 2223 839 est
2241 782 2401 851 artis,
2421 797 2493 840 ea
2506 780 2743 852 docere,
2757 796 2892 855 quae
2906 779 3071 839 facis.
3090 802 3118 831 κ
3134 779 3431 852 Pfinceps,

1883 873 1988 947 qui
2015 873 2247 934 bellum
2264 874 2434 948 fugit,
2462 877 2695 933 scutum
2711 889 2837 933 non
2856 873 3085 948 arripit,
3114 887 3284 931 arma
3308 887 3433 930 non

1884 965 2099 1039 induit,
2128 967 2235 1026 sed
2251 973 2426 1027 vacat
2446 967 2727 1039 lasciviis,
2751 984 2873 1028 non
2896 972 2983 1027 est
2998 968 3195 1025 honus
3223 965 3435 1025 exhor·

1883 1063 2036 1120 tator
2063 1062 2144 1119 ad
2188 1060 2434 1120 bellum.
2473 1060 2637 1119 Unde
2674 1061 2751 1119 de
2796 1060 3135 1119 Alexandro
3168 1058 3276 1117 illo
3316 1060 3435 1118 Ma·-

1885 1169 2007 1227 gno
2053 1158 2255 1214 narrat
2284 1155 2532 1215 historia
2572 1157 2595 1192 ⁹
2613 1197 2634 1227 ,
2664 1154 2832 1231 quod
2872 1158 2996 1214 erat
3039 1153 3130 1211 vir
3171 1150 3436 1211 audacias

1885 1247 2224 1321 singularis,
2264 1249 2493 1324 patiens
2532 1248 2778 1320 laboris,
2823 1248 2919 1306 cui
2964 1246 3116 1305 nihil
3156 1245 3434 1318 arduum,

1886 1340 2037 1398 nihil
2080 1340 2449 1416 impossibile
2488 1342 2806 1402 videbatur
2854 1360 2869 1400 ε
2914 1340 3109 1400 01111118
3148 1339 3396 1415 periculi
3414 1381 3434 1412 ,

1889 1434 2205 1510 omnisque
2228 1434 2621 1494 multitudinis
2640 1439 2766 1495 erat
2776 1438 3182 1510 contemptor:
3210 1432 3438 1509 primus

1892 1529 2071 1588 etiam
2093 1530 2362 1589 omnium
2390 1530 2833 1604 ingrediebatur
2850 1528 3135 1605 pericula,
3160 1528 3224 1586 in
3246 1527 3439 1587 aciem

1892 1623 2176 1696 irruebat,
2204 1631 2263 1681 et
2280 1623 2470 1682 sicubi
2489 1639 2712 1683 cuneos
2727 1625 2988 1683 hostium
3012 1621 3287 1681 fortiores
3312 1636 3438 1679 esse

1891 1717 2157 1790 videbat,
2188 1717 2333 1777 illuc
2357 1719 2626 1793 protinus
2650 1718 3036 1794 procedebat.
3070 1720 3156 1787 Et,
3186 1715 3329 1790 quia
3353 1714 3438 1773 sic

1892 1811 1957 1869 in
1983 1813 2263 1871 omnibus
2286 1814 2566 1888 periculis
2587 1813 2799 1872 milites
2821 1812 3213 1889 praecedebat,
3230 1809 3315 1869 sic
3337 1826 3440 1870 eos

1893 1906 2282 1980 animaverat,
2311 1912 2377 1966 ut
2403 1907 2482 1966 ad
2508 1923 2721 1966 vocem
2748 1907 2877 1980 eius
2902 1909 3094 1966 essent
3118 1905 3307 1980 parati
3321 1920 3445 1964 non

1898 1999 2099 2059 solum
2124 2002 2399 2060 homines
2422 2002 2727 2075 invadere,
2754 2001 2862 2060 sed
2877 2017 3082 2060 muros
3107 2000 3330 2059 ferreos
3345 2014 3448 2074 pe-

1894 2097 2149 2154 netrare.
2182 2098 2306 2157 Una
2335 2097 2539 2172 utique
2578 2113 2702 2155 vox
2738 2095 2844 2155 illa
2878 2094 3208 2154 imitatione
3246 2092 3445 2166 digna.

1898 2190 2180 2259 Quaenam
2213 2190 2358 2249 illa?
2397 2193 2537 2261 Quae
2577 2190 2737 2263 dicit,
2770 2190 3053 2266 operibus
3080 2193 3139 2247 et
3164 2186 3451 2262 exemplis

1900 2284 2175 2343 ostendit.
2206 2285 2362 2344 Sicut
2388 2286 2549 2343 enim
2575 2284 2757 2345 arbor
2785 2283 3159 2359 cognoscitur
3174 2282 3447 2356 floribus,

1899 2377 2059 2437 foliis
2085 2382 2143 2436 et
2160 2377 2470 2451 fructibus,
2499 2379 2583 2437 sic
2609 2380 2794 2437 homo
2822 2376 3132 2452 exemplis,
3160 2376 3358 2436 verbis
3396 2382 3456 2436 et

1901 2472 2203 2547 operibus.
2226 2476 2293 2532 Et
2318 2476 2560 2547 propter
2576 2471 2701 2530 haec
2729 2471 2932 2530 omnia
2954 2472 3111 2531 bene
3139 2470 3355 2530 dicitur
3376 2472 3448 2529 ¹⁰:

1904 2583 1935 2621 α
1963 2567 2238 2626 Doctrina
2264 2584 2372 2626 sua
2390 2568 2764 2640 cognoscitur
2784 2567 2893 2625 vir.
2909 2586 2938 2623 n
2970 2569 3039 2625 Et
3064 2568 3107 2604 ¹¹
3128 2587 3144 2626 ε
3169 2564 3454 2639 «Sapiens

1898 2660 1963 2718 in
1990 2660 2188 2719 verbis
2214 2661 2508 2735 producet
2531 2660 2812 2735 seipsum,
2826 2681 2855 2716 n
2890 2661 2956 2719 id
2978 2664 3087 2735 est,
3116 2660 3314 2737 primo
3337 2658 3451 2717 do-

1900 2754 2060 2814 cebit
2098 2755 2381 2830 seipsum,
2420 2759 2480 2813 et
2505 2760 2713 2830 postea
2748 2754 3115 2829 proxfnnttm.
3156 2758 3455 2827 Rogemus

1902 2864 2048 2922 ergo
2072 2848 2410 2923 Dominum,
2443 2852 2555 2907 etc.

2494 3006 2752 3070 SERMO
2795 3006 2871 3068 Π.

1977 3130 2050 3188 Os
2064 3130 2215 3202 ,iusti
2241 3129 2601 3188 meditabitur
2638 3131 2986 3203 sapientiora,
3022 3132 3075 3186 et
3113 3128 3302 3200 linqua
3339 3126 3456 3200 ojus

1903 3225 2152 3296 loquetur
2171 3223 2437 3297 iudicium
2453 3224 2517 3281 ¹².
2534 3226 2778 3294 Quantoe
2797 3222 2872 3280 sit
2884 3221 3149 3281 utilitatis
3168 3222 3357 3281 verba
3384 3208 3460 3295 (α)

1901 3317 2030 3376 vitae
2059 3317 2423 3385 errantibus,
2450 3317 2575 3375 sive
2612 3315 3058 3390 ignorantibus,
3101 3315 3458 3391 praedicare,

1902 3412 2039 3487 quis
2049 3412 2338 3487 exprimet
2351 3410 2527 3469 oficio
2542 3410 2761 3484 linguae
2777 3409 2807 3466 ‘t
2822 3409 3040 3468 Dicitur
3057 3408 3217 3468 enim
3228 3411 3272 3446 ¹⁸
3286 3428 3301 3468 ε
3313 3410 3457 3478 «Qui

1904 3505 2171 3566 converti
2194 3505 2394 3564 iecerit
2420 3509 2791 3580 peccatorem
2820 3504 2898 3562 ab
2928 3518 3129 3562 errore
3164 3503 3278 3562 viae
3307 3520 3457 3577 suae,

1903 3600 2160 3661 salvabit
2169 3600 2431 3659 animam
2445 3601 2573 3674 ejus
2586 3616 2625 3659 a
2642 3603 2855 3672 morte,
2877 3604 2934 3657 81
2951 3600 3179 3674 operiet
3196 3598 3458 3658 multitu·

1905 3694 2109 3753 dinem
2122 3700 2520 3770 peccatorum.
2532 3714 2560 3749 n
2581 3694 2734 3764 Quid
2749 3693 2960 3753 melius
2976 3692 3138 3750 istis?
3158 3692 3273 3752 Sed
3292 3708 3457 3750 num-

1906 3789 2056 3864 quid
2082 3805 2207 3849 non
2223 3789 2641 3864 proedicatores
2666 3789 2888 3849 faciunt
2913 3790 3049 3862 ista,
3076 3788 3275 3849 divina
3298 3789 3462 3847 auxi-

1905 3882 2087 3941 liante
2126 3883 2358 3956 gratia?
2401 3886 2607 3942 Nonne
2659 3884 2742 3942 ad
2790 3881 3271 3958 praedicationem
3311 3883 3460 3940 Petri

1905 3992 2112 4050 unam,
2131 3978 2239 4036 tria
2256 3977 2445 4035 millia
2458 3977 2772 4035 hominum
2792 3991 3081 4036 conversa
3110 3977 3283 4035 sunt?
3310 3977 3456 4050 imo,

1906 4074 1974 4130 ut
1998 4070 2077 4129 de
2088 4069 2179 4128 his
2196 4072 2444 4143 taceam,
2473 4086 2608 4145 quae
2632 4073 2768 4128 sunt
2790 4069 3065 4145 pluribus
3084 4071 3248 4136 nota,
3269 4085 3457 4129 unum

1908 4164 2251 4240 exemplum
2273 4167 2619 4223 extraneum
2638 4178 2880 4238 ponam.
2902 4167 3107 4222 Narrat
3122 4165 3457 4223 Graecorum

1905 4259 2155 4318 historia
2179 4258 2243 4329 ¹⁴,
2274 4257 2441 4332 quod
2471 4257 2635 4331 apud
2662 4257 2915 4317 Athenas
2938 4261 3064 4316 erat
3087 4257 3455 4330 adolescens,

1908 4353 2153 4412 Polemo
2178 4351 2441 4424 nomine,
2476 4353 2631 4409 totus
2661 4350 2896 4410 deditus
2910 4351 3049 4411 vino
3079 4356 3136 4410 et
3160 4352 3410 4411 luxuries
3438 4372 3453 4412 :

1906 4448 2046 4508 ideo
2086 4462 2212 4506 non
2248 4446 2447 4505 solum
2483 4446 2779 4522 pessimus
2826 4450 2992 4521 erat,
3044 4450 3152 4509 sed
3206 4449 3283 4509 de
3327 4450 3460 4526 ipsa

1910 4559 2020 4601 sua
2044 4540 2204 4600 mala
2240 4540 2401 4598 fama
2437 4540 2761 4614 gaudebat.
2798 4545 3067 4617 Cumque
3103 4543 3287 4616 801118,
3325 4549 3461 4619 post

1911 4651 2167 4707 coenam,
2208 4650 2282 4692 ex
2309 4634 2587 4692 convivio
2611 4634 2860 4694 domum
2897 4635 3138 4708 rediret,
3184 4640 3242 4696 et
3270 4639 3459 4697 Xeno·

1913 4729 2087 4788 cratis
2114 4726 2457 4802 philosophi
2483 4732 2753 4802 apertam
2787 4729 3036 4801 januam
3077 4728 3340 4801 vidisset,
3366 4731 3460 4789 vi·

1911 4839 1993 4882 no
2023 4826 2091 4881 ut
2128 4824 2255 4881 erat
2287 4824 2583 4894 gravatus,
2610 4822 2926 4896 unguentis
2952 4822 3270 4894 delibutus,
3296 4825 3462 4884 sertis

1914 4916 2104 4992 capite
2141 4918 2478 4989 coronatus,
2514 4915 2821 4991 pellucida
2854 4919 3015 4975 veste
3040 4917 3303 4991 vestime,
3321 4918 3461 4994 ,phi-

1916 5091 2057 5144 alibi.
2101 5116 2164 5127 —
2207 5091 2250 5126 ¹⁰
2291 5091 2458 5153 Pron„
2501 5101 2607 5153 xit,
2651 5095 2700 5142 8.
2737 5116 2802 5129 -—
2849 5092 2888 5127 ¹¹
2930 5089 3108 5155 Eceli„
3148 5104 3245 5157 xx,
3288 5094 3365 5145 13.
3402 5119 3458 5133 --

1921 5165 1960 5198 ¹²
1984 5162 2127 5215 Psal.
2165 5172 2343 5227 xxxvi,
2367 5163 2446 5211 3⁰.
2471 5187 2535 5198 —
2565 5160 2603 5196 ¹⁸
2624 5166 2756 5225 sae„
2783 5174 2831 5226 v,
2858 5164 3008 5217 20.—
3036 5164 3075 5200 ¹⁸
3098 5164 3248 5230 Diog.
3272 5165 3461 5230 ΒΜΔ-1.,

1918 5236 2008 5288 lib.
2055 5234 2141 5298 Ν,
2174 5234 2228 5284 111
2276 5232 2394 5283 Vita
2430 5231 2739 5297 Polemonis,
2776 5234 2830 5284 in
2866 5233 3055 5301 princ.;
3096 5232 3267 5291 Valet.
3301 5239 3464 5306 Max„

1901 5304 1991 5359 'lib
2013 5308 2108 5371 Vl,
2136 5321 2181 5358 c.
2213 5317 2288 5370 lx,
2315 5309 2541 5368 extem„
2569 5319 2625 5357 n.
2652 5310 2700 5357 ¹.

1990 5399 2059 5461 (a)
2087 5397 2210 5447 Caet.
2240 5395 2362 5446 edit.
2384 5393 2579 5445 verbis.
