4059 6317
590 476 710 539 380

583 625 654 673 ee
680 608 918 674 durum
944 608 1241 688 ostendit,
1262 608 1376 694 qui
1393 609 1630 675 damna
1648 606 2122 689 temporalium,

579 714 685 781 vel
727 718 997 780 mortem
1052 716 1243 781 amici
1285 717 1501 796 deflet,
1553 719 1618 780 et
1655 733 1787 781 non
1840 714 2124 781 dolorem

578 821 814 905 peccati
833 822 1107 887 ostendit
1123 841 1237 905 per
1260 822 1597 906 lacrymas,
1618 843 1650 883 n

657 928 743 993 De
760 929 1036 993 secundo
1049 931 1069 966 ¹
1083 947 1101 994 ε
1114 929 1219 994 «In
1231 929 1595 995 fortitudine
1611 947 1730 994 sua
1741 928 2017 993 directus
2028 931 2126 993 est

577 1055 725 1102 cum
739 1036 995 1118 angelo,
1012 1042 1076 1101 et
1087 1037 1361 1102 invaluit
1377 1037 1456 1101 ad
1470 1036 1796 1119 angelum,
1812 1041 1873 1100 et
1882 1038 2125 1101 confor-

575 1145 743 1208 tatus
767 1148 882 1225 est,
907 1148 972 1208 et
992 1144 1189 1225 flevit,
1219 1149 1282 1209 et
1301 1148 1555 1227 rogavit
1575 1142 2120 1210 illum.»Verbum

574 1251 730 1316 illud
746 1253 973 1317 dicitur
992 1254 1067 1317 de
1085 1253 1278 1332 lucta,
1293 1272 1406 1337 per
1423 1272 1615 1337 quam
1635 1251 1827 1318 Jacob
1844 1252 2122 1317 obtinuit

575 1359 1074 1424 benedictionem
1103 1362 1185 1425 ab
1206 1360 1462 1443 angelo,
1493 1361 1654 1426 sicut
1681 1359 1921 1442 legitur
1939 1362 1983 1423 ².
2007 1359 2036 1425 J
2045 1378 2120 1424 a-

574 1466 714 1545 cob,
743 1467 811 1531 id
837 1470 953 1547 est,
984 1469 1249 1549 quilibet
1276 1468 1502 1549 fidelis,
1533 1487 1682 1533 cum
1709 1469 1956 1551 Angelo
1977 1486 2120 1532 ma-

575 1573 690 1654 gni
718 1574 983 1652 consilii,
1011 1574 1079 1639 id
1104 1578 1219 1655 est,
1252 1575 1499 1640 Christo
1524 1574 1823 1656 luctatur,
1864 1575 2118 1659 quando

572 1681 806 1746 insistit
846 1682 1192 1762 desideriis,
1233 1687 1296 1747 et
1333 1683 1647 1747 exercitiis
1682 1683 2120 1766 spiritualibus

572 1788 653 1852 ad
679 1790 948 1855 virtutes
974 1793 1037 1854 et
1064 1790 1465 1857 devotionem
1492 1810 1557 1855 se
1579 1791 1877 1873 disponit.
1908 1790 1976 1854 Si
2007 1809 2119 1855 au-

573 1899 701 1960 tem
730 1896 799 1960 in
823 1897 1144 1976 luctandO,
1177 1898 1276 1964 vel
1299 1898 1611 1979 rogand0,
1631 1898 1898 1992 fleverit,
1917 1898 2112 1963 bene-

571 2002 907 2068 dictionem
938 2004 1164 2086 gratiae
1180 2005 1464 2069 obtinere
1483 2006 1733 2088 poterit.
1754 2005 1960 2083 Quam
1983 2023 2117 2070 non

572 2109 782 2174 solum
807 2111 983 2192 boni,
1012 2112 1123 2193 qui
1147 2131 1260 2195 per
1284 2113 1500 2192 Jacob,
1530 2113 1640 2178 sed
1668 2113 1841 2193 mali,
1870 2114 1979 2197 qui
2001 2132 2116 2196 per

571 2214 740 2281 Esau
792 2217 1260 2299 significantur,
1327 2219 1616 2285 deflendo
1672 2221 1958 2286 obtinent
2009 2226 2034 2261 ³
2094 2242 2111 2285 ε

580 2322 910 2409 «Cumque
935 2328 991 2409 ej
1001 2326 1175 2390 ulatu
1203 2345 1446 2408 magno
1471 2327 1673 2405 fleret,
1703 2335 1915 2392 motus
1942 2327 2115 2392 Isaac

570 2432 721 2498 dicit
757 2434 838 2498 ad
873 2450 1068 2498 eum:
1107 2432 1178 2497 ln
1213 2433 1605 2517 pinguedine
1644 2438 1830 2499 terrae
1869 2438 1933 2499 et
1970 2453 2113 2500 rore

571 2540 714 2605 coeli
729 2541 1001 2624 desuper
1014 2542 1134 2606 erit
1146 2542 1505 2608 benedictio
1518 2547 1650 2607 tua.
1665 2565 1696 2602 n
1729 2543 1902 2607 Isaac
1915 2543 2115 2624 signi-

571 2648 716 2713 ficat
743 2649 1095 2730 Christum;
1127 2652 1389 2735 pinguis
1415 2655 1605 2730 terra,
1637 2652 1871 2716 bonam
1889 2650 2113 2715 volun·

567 2757 802 2837 tatem;
857 2775 965 2822 ros
1018 2758 1182 2836 coeli,
1238 2759 1511 2839 gratiam
1565 2758 1836 2840 Spiritus
1885 2758 2107 2821 sancti.

574 2859 754 2927 Vides
798 2881 955 2945 ergo
1004 2866 1325 2948 quomodo
1366 2865 1522 2931 fletu
1577 2868 1869 2929 vincatur
1916 2863 2106 2929 Deus.

570 2967 748 3033 Unde
772 2970 850 3035 de
874 2968 1158 3055 lacryma
1181 2973 1270 3036 ait
1297 2971 1656 3037 Bernardus
1687 2993 1703 3036 :
1742 2996 1772 3033 «
1799 2975 2111 3037 Accusan-

567 3075 743 3140 tibus
785 3078 1084 3159 inimicis,
1115 3101 1148 3138 n
1183 3084 1301 3145 etc.
1331 3078 1603 3162 Require
1641 3080 1711 3144 in
1750 3099 2044 3146 sermone
2085 3104 2101 3146 ε

571 3183 694 3257 Qui
720 3185 887 3252 lotus
914 3190 1003 3251 est
1030 3185 1075 3262 ⁸,
1112 3189 1231 3249 etc.

643 3290 729 3355 De
758 3291 966 3369 tertio,
996 3290 1387 3356 enumeratis
1423 3290 1640 3356 multis
1672 3292 1966 3372 miseriis,
2007 3294 2105 3358 di-

563 3399 727 3464 citur
753 3399 775 3436 ⁴
809 3422 824 3465 ε
865 3424 896 3461 α
922 3399 1135 3466 Facies
1176 3418 1322 3464 mea
1357 3399 1662 3465 intumuit
1707 3400 1885 3481 fletu,
1914 3422 1946 3460 n
1981 3405 2103 3466 etc.

562 3507 673 3573 Est
695 3513 912 3573 autem
941 3509 1194 3573 miseria
1219 3508 1451 3590 triplex
1477 3508 1785 3588 deflenda,
1814 3509 2107 3575 videlicet

561 3618 928 3701 corporalis,
972 3619 1252 3702 propria,
1308 3623 1370 3682 et
1428 3617 1659 3682 aliena.
1717 3616 1896 3683 Unde
1954 3638 2101 3684 cum

566 3725 756 3790 flente
792 3724 1083 3790 Susanna
1103 3726 1126 3761 ⁸
1163 3723 1403 3789 flebant
1444 3742 1688 3804 omnes,
1744 3725 1858 3808 qui
1898 3745 2100 3792 nove-

562 3836 709 3898 rant
731 3851 895 3898 eam.
927 3853 959 3893 n
992 3839 1017 3876 ⁸
1052 3831 1367 3898 «Flebam
1403 3832 1728 3914 quondam
1769 3851 1964 3915 super
1999 3853 2100 3913 ec,

563 3941 676 4024 qui
707 3942 980 4007 aOEIctus
1013 3945 1172 4021 erat,
1201 3961 1232 4000 ιο
1269 3944 1389 4005 etc.
1420 3939 1491 4005 Si
1532 3944 1747 4005 autem
1791 3940 1905 4005 fles
1950 3960 2099 4006 cum

561 4048 754 4114 flente
794 4049 1111 4132 proximo,
1167 4051 1409 4129 quanto
1455 4046 1664 4129 magis
1716 4048 1870 4112 flere
1909 4049 2102 4115 debes

560 4172 706 4219 cum
734 4156 924 4220 flente
953 4154 1221 4232 Christe,
1252 4156 1367 4237 qui
1395 4154 1584 4246 etiam
1611 4173 1727 4238 pro
1754 4159 1815 4219 te
1834 4156 2014 4222 flevit
2031 4157 2099 4221 in

558 4262 881 4346 patibulo!
922 4260 1282 4326 Bernardus
1344 4282 1359 4325 ε
1402 4283 1434 4322 α
1457 4259 1658 4325 Flevit
1698 4260 1984 4327 Christus
2026 4264 2098 4328 in

554 4388 765 4451 cruce,
785 4393 816 4431 ι)
844 4374 963 4435 etc.
994 4368 1269 4452 Require
1295 4368 1362 4432 in
1387 4369 1719 4432 sermone⁷
1744 4389 1759 4432 z
1782 4367 2092 4452 Colliqite,

551 4482 671 4544 etc.
725 4477 883 4542 Item
933 4475 1216 4542 deflenda
1256 4481 1350 4541 est
1403 4476 1656 4540 miseria
1702 4477 2090 4559 spiritualis;

548 4585 719 4669 quod
763 4584 870 4649 hic
912 4584 1314 4666 significatur
1351 4583 1418 4646 in
1453 4584 1608 4648 fletu
1640 4581 1912 4663 Domini,
1942 4602 2092 4648 cum

545 4692 819 4757 dicitur:
857 4689 1099 4758 Videris
1125 4691 1473 4770 civitam,
1506 4693 1625 4754 etc.
1659 4689 1890 4755 Civitas
1916 4691 2091 4754 enim

545 4798 679 4876 Dei,
712 4799 813 4864 vel
839 4798 1094 4876 diaboli,
1126 4801 1221 4862 est
1244 4797 1441 4861 homo
1467 4796 1580 4880 qui
1603 4797 1842 4880 patitur
1870 4799 2090 4861 omnia

541 4905 976 4989 spiritualiter,
1007 4923 1156 4989 quae
1180 4904 1285 4969 hic
1308 4904 1607 4968 dicuntur
1632 4902 2088 4972 deJerusalem

541 5012 973 5096 corporaliter.
1015 5010 1174 5076 Item
1218 5010 1581 5076 aeternalis’
1614 5033 1628 5074 z
1672 5031 1705 5071 α
1729 5009 2019 5076 Recedite
2049 5028 2089 5074 a

604 5174 624 5211 ¹
666 5174 796 5237 One„
834 5185 932 5236 ιιι,
957 5176 1092 5225 3.-
1132 5173 1152 5205 ²
1194 5172 1341 5235 Gen„
1368 5182 1546 5234 xxxu,
1594 5174 1763 5224 26-29.
1789 5199 1843 5209 -
1880 5173 1902 5208 ²
1939 5172 2083 5238 Gen„

541 5257 707 5310 xxvn,
734 5247 814 5296 38.
838 5245 954 5296 vid.
1001 5259 1137 5311 sup„
1180 5247 1235 5296 in
1269 5259 1391 5296 coen.
1433 5244 1602 5309 nom„
1637 5258 1793 5296 serm.
1837 5256 1917 5307 ιιι,
1962 5259 2080 5310 pag.

545 5323 655 5384 195,
676 5317 777 5371 col.
805 5323 854 5370 2.
882 5343 945 5357 —
970 5319 994 5350 ⁸
1031 5319 1142 5384 ὀί),
1173 5331 1295 5383 xvi,
1324 5322 1403 5370 Π.
1428 5344 1490 5359 -
1528 5320 1548 5350 ⁵
1573 5319 1725 5380 Dan„
1758 5330 1883 5381 xm,
1914 5321 1992 5370 33.
2023 5345 2085 5356 —-

541 5392 566 5429 θ
590 5392 707 5456 Job,
734 5405 860 5455 xxx,
888 5394 969 5444 25.
996 5409 1057 5426 -··
1088 5392 1106 5424 '¹
1149 5391 1266 5442 vid.
1305 5405 1443 5456 sup„
1471 5392 1527 5441 in
1557 5393 1781 5451 Parnm,
1819 5404 1974 5441 serm.
2010 5403 2084 5454 vl,

542 5476 661 5538 pag.
686 5466 799 5530 20⁴1,
820 5463 920 5516 col.
950 5467 995 5515 1.
1019 5487 1072 5498 m
1104 5463 1126 5498 ὅ
1152 5464 1275 5528 Ira„
1297 5475 1430 5529 xxu,
1453 5466 1502 5528 1,
1525 5465 1640 5516 5.-
1660 5464 1679 5494 ’
1699 5463 1904 5530 Malae„
1933 5475 2003 5527 lv,
2031 5465 2079 5516 3.

1686 468 2107 537 SERMONES
2147 468 2248 535 DE
2287 466 2680 536 TEMPORE.

2235 623 2364 684 me,
2394 623 2614 670 amare
2636 606 2803 673 flebo
2835 628 2851 669 ε
2884 607 3020 674 dies
3044 607 3397 685 occisionis,
3425 612 3490 673 et
3514 606 3779 673 concul-

2234 713 2520 793 cationis,
2549 717 2616 778 et
2638 714 2910 779 fletuum
2936 717 3312 794 occisorum,
3340 737 3372 775 ιι
3413 714 3642 779 scilicet
3665 733 3781 797 per

2236 827 2505 888 mortem
2534 826 2864 906 aeternam.
2904 822 3367 889 Conculcantur
3407 841 3674 906 corpora
3710 823 3782 887 in

2231 930 2521 1012 sepulcro
2546 949 2585 994 a
2610 931 3088 995 transeuntibus
3108 954 3125 1010 ;
3157 932 3391 995 animae
3414 930 3481 994 in
3501 930 3778 1011 inferno,

2232 1055 2272 1101 a
2288 1037 2723 1116 daemombus3
2757 1039 2826 1102 in
2847 1039 3088 1120 jndicio
3106 1043 3349 1116 autem,
3369 1038 3567 1102 simul
3594 1046 3779 1103 utra-

2232 1164 2359 1229 que
2385 1164 2425 1210 a
2446 1146 2678 1211 sanctis
2704 1147 3246 1230 triumphantibus
3272 1152 3295 1187 ⁹
3327 1166 3342 1207 t
3388 1169 3419 1208 α
3446 1145 3780 1211 Conculca-

2229 1252 2380 1344 bitis
2410 1254 2493 1335 (a)
2523 1253 2777 1337 impios,
2807 1274 2838 1313 t
2876 1258 2995 1318 etc.
3015 1276 3030 1332 ;
3063 1258 3129 1318 et
3151 1255 3431 1319 maxime
3448 1273 3488 1318 a
3504 1254 3775 1332 Christo,

2232 1358 2523 1425 Psalmus
2578 1361 2624 1401 ¹⁰
2673 1380 2688 1422 ε
2741 1384 2773 1421 «
2792 1358 3032 1425 Ponam
3081 1360 3375 1425 inimicos
3429 1361 3776 1427 scabellum

2228 1467 2463 1549 pedum
2503 1471 2787 1533 tuorum.
2846 1487 2877 1526 υ
2939 1466 3149 1551 HuJus
3201 1467 3463 1549 triplicis
3502 1468 3777 1533 miseriae

2227 1574 2514 1657 pericula
2562 1575 2757 1639 miser
2809 1575 3005 1639 homo
3056 1576 3370 1640 nascendo
3424 1576 3699 1641 incurrit
3753 1599 3768 1640 ε

2228 1682 2399 1747 unde
2441 1681 2606 1747 bene
2646 1682 2859 1747 flendo
2895 1681 3204 1747 nascitur.
3242 1680 3648 1764 Augustinus
3675 1684 3716 1720 ¹¹
3751 1703 3769 1747 ε
3860 1696 3980 1739 aaa„

2235 1811 2266 1849 α
2293 1788 2456 1867 Quid
2496 1794 2592 1853 est
2633 1790 2807 1874 quod
2845 1790 3115 1854 infantia
3143 1788 3217 1871 (b)
3247 1808 3379 1853 non
3406 1809 3447 1853 a
3472 1790 3632 1868 risu,
3661 1791 3769 1855 sed
3797 1761 3981 1862 {2¹32

2225 1896 2382 1962 fletu
2395 1897 2641 1962 orditur
2659 1897 2823 1962 hanc
2838 1898 3044 1962 lucem
3057 1899 3088 1961 ⁴?
3106 1896 3283 1973 Quod
3302 1897 3621 1961 malorum
3643 1897 3772 1962 val·
3797 1882 3919 1926 ω’·

2224 2004 2352 2070 lem
2380 2005 2674 2085 ingressa
2698 2007 2801 2084 sit,
2825 2006 3160 2089 prophetat
3187 2007 3464 2089 quodam
3497 2007 3710 2071 modo.
3727 2029 3759 2068 n

2305 2112 2393 2176 De
2436 2117 2685 2194 quarto,
2734 2110 3025 2177 Psalmus
3052 2114 3100 2152 ¹¹
3137 2131 3154 2177 ε
3190 2136 3222 2175 <1
3256 2112 3462 2195 Super
3496 2113 3771 2178 flumina

2223 2217 2586 2302 BabyloniS,
2616 2218 2744 2283 illic
2771 2219 3051 2284 sedimus
3096 2224 3158 2283 et
3197 2219 3514 2284 flevimus.
3545 2242 3576 2279 n
3613 2219 3763 2284 Flu-

2225 2328 2398 2391 mina
2423 2326 2761 2410 Babylonis
2789 2331 2942 2391 sunt
2970 2326 3194 2391 mundi
3213 2327 3762 2409 concupiscentiae,

2221 2435 2325 2500 vel
2361 2436 2658 2500 miseriae.
2713 2435 2868 2500 Sion
2920 2435 3374 2518 interpretatur
3413 2435 3759 2516 speculum,

2222 2541 2322 2607 vel
2349 2544 2716 2625 speculatio,
2755 2545 2821 2607 et
2857 2543 3177 2623 signiflcat
3212 2541 3509 2625 patriam,
3539 2541 3609 2604 in
3634 2560 3764 2624 qua

2220 2655 2459 2716 aeterna
2483 2649 2825 2733 speculatio
2854 2654 2950 2714 est
2971 2648 3316 2727 Trinitatis,
3342 2666 3456 2730 pro
3484 2667 3612 2730 qua
3636 2668 3761 2714 me-

2218 2756 2340 2821 rito
2353 2758 2508 2822 flent
2521 2757 2763 2822 exules.
2795 2755 3081 2822 Psalmus
3108 2757 3191 2820 ¹⁸:
3226 2779 3256 2818 α
3275 2754 3390 2821 Hei
3408 2757 3591 2836 mibi,
3609 2757 3760 2840 quia

2218 2863 2530 2931 incolatus
2576 2883 2758 2930 meus
2801 2864 3222 2947 prolongatus
3259 2867 3375 2929 est.
3409 2886 3441 2924 ι)
3488 2863 3753 2929 Bernar-

2216 2972 2337 3036 dus
2353 2973 2398 3008 ¹⁸
2417 2994 2476 3036 :a
2494 2971 2740 3038 Futura
2761 2991 2893 3037 non
2920 2972 3109 3054 sapis,
3126 2990 3336 3054 neque
3358 2972 3597 3052 gaudia
3614 2990 3757 3037 con-

2215 3097 2294 3143 cu
2302 3078 2507 3161 piscis,
2538 3080 2591 3143 si
2618 3097 2752 3145 non
2778 3080 3057 3163 quotidie
3075 3079 3351 3161 postulas
3377 3097 3456 3144 ea
3481 3097 3628 3144 cum
3656 3080 3752 3144 la-

2214 3187 2474 3269 crymiS.
2503 3208 2535 3247 n
2570 3187 2648 3256 Et
2676 3193 2847 3267 nota,
2878 3186 3047 3269 quod
3075 3185 3239 3251 sicut
3263 3204 3377 3269 per
3399 3204 3598 3269 aquas
3619 3187 3752 3270 qui-

2209 3292 2364 3358 libet
2390 3294 2462 3357 in
2485 3294 2631 3358 navi
2662 3293 2926 3358 faciliter
2963 3293 3219 3358 ducitur
3250 3293 3331 3357 ad
3371 3300 3633 3374 terram,
3664 3294 3752 3359 sic

2212 3400 2277 3464 in
2306 3402 2454 3465 navi
2483 3402 2874 3484 poenitentiae
2906 3418 3020 3484 per
3044 3418 3279 3483 aquam
3318 3401 3609 3482 fletuum,
3636 3420 3749 3484 -per

2212 3510 2554 3572 torrentem
2597 3508 3051 3592 lacrymarum,
3100 3506 3437 3574 adducitur
3480 3511 3626 3591 quis
3670 3509 3747 3574 ad

2209 3615 2481 3699 patriam
2508 3616 2825 3682 coelestem
2856 3617 2898 3653 ¹¹
2924 3639 2939 3680 :
2963 3639 2994 3677 α
3022 3616 3094 3680 Ιιι
3112 3617 3271 3681 fletu
3284 3617 3563 3696 venient,
3593 3617 3744 3681 etin

2211 3723 2644 3789 misericordia
2712 3725 3015 3790 reducam
3072 3741 3181 3788 eos
3232 3741 3349 3806 per
3401 3727 3743 3788 torrentem

2207 3849 2527 3915 aquarum
2551 3832 2623 3896 in
2648 3832 2756 3898 via
2781 3835 2970 3909 recta,
3012 3835 3078 3895 et
3117 3849 3253 3896 non
3293 3830 3674 3913 impingent.
3701 3852 3733 3892 n

2763 4008 3053 4080 SERMO
3095 4010 3178 4079 11.

2288 4153 2363 4220 si
2390 4154 2791 4235 coqmvisses
2828 4157 2888 4221 et
2925 4161 2997 4221 tu
3023 4154 3091 4218 ¹⁸.
3123 4154 3206 4220 Et
3244 4159 3344 4233 tu,
3377 4154 3675 4220 subaudit
3717 4174 3732 4219 ε

2201 4262 2408 4326 fleres.
2438 4260 2848 4342 Quadruplex
2872 4261 3151 4343 cognitio
3180 4266 3262 4342 te,
3293 4262 3489 4327 miser
3523 4262 3731 4339 homo,

2201 4370 2281 4433 ad
2306 4368 2531 4433 fletum
2563 4369 2747 4433 debet
2774 4387 3140 4451 provocare.
3187 4366 3254 4432 Si
3293 4369 3465 4434 enim
3493 4386 3731 4450 eogno-

2199 4493 2406 4540 sceres
2440 4476 2510 4540 in
2541 4477 3053 4558 transgressione
3076 4476 3312 4559 peccati
3337 4475 3685 4541 foeditatem
3706 4523 3726 4554 ,

2197 4583 2637 4648 retributionis
2670 4583 3059 4666 aequitatem,
3098 4583 3552 4666 redemptionis
3578 4583 3729 4647 cha-

2193 4691 2474 4771 ritatem,
2492 4689 2894 4756 resolutionis
2905 4691 3040 4755 sive
3056 4690 3276 4755 mortis
3288 4689 3725 4768 calamitatem,

2194 4799 2354 4864 bene
2380 4799 2535 4863 flere
2563 4797 2846 4863 deberes.

2273 4906 2360 4971 De
2383 4906 2613 4989 primo,
2638 4905 2922 4969 Psalmus
2948 4904 2992 4940 ¹⁷
3018 4923 3078 4968 :a
3095 4902 3507 4987 Iniquitatem,
3524 4921 3729 4968 meam

2190 5033 2314 5098 ego
2341 5032 2676 5096 cognosco.
2712 5035 2743 5074 n
2784 5012 2833 5078 Ο
2866 5016 3174 5095 peccator,
3206 5029 3540 5094 cognosce,
3572 5012 3731 5076 sicut

2191 5184 2257 5196 —
2277 5158 2322 5194 ¹⁰
2348 5156 2480 5207 Psal.
2510 5168 2617 5216 cix,
2645 5159 2692 5206 1.
2721 5181 2786 5194 -
2810 5156 2849 5191 ¹¹
2882 5157 3032 5220 Aug„
3056 5153 3118 5204 de
3152 5153 3306 5204 Civie.
3338 5154 3449 5218 Dei,
3476 5154 3566 5207 lib.
3596 5155 3725 5218 111,

2191 5244 2236 5282 c.
2274 5241 2381 5280 x1v.
2412 5254 2478 5266 —
2513 5229 2548 5259 ¹²
2584 5226 2723 5279 Psal.
2754 5239 2973 5292 cxxxw,
3013 5231 3057 5278 1.
3089 5253 3146 5264 κ·
3178 5226 3219 5262 ¹⁸
3245 5225 3381 5277 Psal.
3411 5238 3562 5288 cxix,
3590 5232 3638 5278 5.
3672 5252 3721 5264 --

2190 5302 2229 5338 ¹⁸
2266 5303 2417 5353 Bern.
2444 5323 2506 5335 —-
2534 5301 2573 5335 ¹⁸
2600 5301 2806 5360 lev-em„
2836 5311 2980 5361 xxxi,
3010 5299 3058 5349 9.
3087 5325 3149 5336 —
3186 5297 3226 5333 '⁸
3256 5297 3389 5358 Luc„
3416 5311 3525 5361 xlx,
3557 5303 3629 5349 42.
3666 5323 3723 5336 —

2187 5373 2230 5410 ¹⁷
2259 5373 2395 5422 Psal.
2429 5384 2481 5435 L,
2509 5375 2559 5423 5.

2254 5464 2318 5527 (a)
2360 5461 2502 5529 γαίᾳ.
2531 5459 2807 5514 calcabitis.
2840 5485 2897 5500 -
2927 5457 2998 5525 (ὁ)
3028 5458 3152 5512 Goee.
3179 5458 3301 5510 edit.
3334 5459 3521 5515 anima.
