4059 6317
923 475 1298 544 bomNmA
1340 471 1418 542 vl
1463 470 1659 540 POST
1715 467 2301 540 PENTECOSTEN.
2348 467 2612 537 SERMO
2652 470 2703 536 Ι.

214 613 675 699 longanimiter
690 619 755 682 et
775 616 1253 700 perseveranter
1273 612 1586 678 sustinent
1603 626 1752 674 eum

211 722 337 787 isto
361 723 609 804 triduo,
639 724 871 790 scilicet
907 723 1125 791 dolore
1160 738 1398 786 amarae
1424 715 1752 783 contritio-

209 831 316 895 nis
340 832 410 896 in
437 832 649 911 corde,
678 850 952 898 moerore
976 835 1214 914 apertae
1253 824 1662 893 confessionis
1685 822 1755 887 in

210 954 325 1003 ore
347 985 366 1015 ,
413 942 479 1003 et
528 938 746 1004 labore
798 939 1137 1021 condignae
1190 931 1633 1001 satisfactionis
1687 931 1754 994 in

210 1063 426 1128 opere.
476 1045 556 1112 Et
602 1046 723 1110 ista
772 1046 1090 1111 distinctio
1140 1047 1346 1128 potest
1398 1039 1619 1106 haberi
1672 1055 1756 1102 ex

211 1151 431 1217 Glossa
447 1200 465 1233 ,
503 1169 650 1236 quae
693 1152 844 1218 dicit
869 1155 889 1191 ¹
924 1171 942 1217 ε
981 1177 1014 1214 e
1040 1151 1145 1218 Sic
1187 1150 1376 1216 turba
1411 1147 1754 1214 Dominum

209 1258 429 1324 triduo
481 1259 793 1324 stistinem
806 1305 829 1338 ‚
875 1258 1030 1324 dnm
1073 1256 1415 1324 multitudo
1466 1252 1753 1319 fidelium

209 1371 470 1451 peccata
513 1386 629 1433 sua
670 1386 787 1451 per
827 1368 1265 1452 prenitentiam
1309 1364 1630 1431 declinans
1673 1363 1754 1427 ad

212 1475 558 1542 Dominum
588 1494 657 1541 se
686 1476 757 1540 in
781 1475 1122 1556 locutione,
1155 1480 1219 1539 et
1242 1490 1456 1558 opere,
1488 1475 1553 1538 et
1577 1471 1753 1553 cogi·

212 1583 454 1648 tatione
477 1585 809 1650 convertit.

295 1690 515 1757 Primo
539 1696 896 1775 peccatores
921 1690 1237 1757 sustinent
1261 1687 1602 1754 Dominum
1631 1686 1753 1752 do-

213 1798 350 1864 lore
387 1816 628 1865 amarae
659 1799 1055 1864 contritionis
1086 1798 1156 1862 in
1193 1796 1418 1874 corde;
1462 1794 1636 1861 unde
1671 1796 1695 1831 ¹
1732 1812 1752 1858 ι

223 1929 256 1969 ι
281 1906 355 1971 ln
382 1906 599 1973 dolore
624 1907 887 1987 sustine,
916 1910 980 1972 et
1005 1907 1078 1971 in
1101 1904 1466 1972 humilitate
1507 1901 1751 1985 patien-

211 2013 372 2078 tiam
397 2013 585 2080 habe.
611 2037 642 2075 n
679 2015 836 2081 Cum
863 2016 1038 2081 enim
1064 2014 1305 2097 cogitat
1329 2013 1548 2092 homo,
1583 2009 1758 2094 quod

214 2124 475 2204 propter
498 2140 693 2188 suum
729 2126 1058 2206 peccatum
1092 2139 1352 2187 rursum
1384 2118 1616 2185 Filium
1645 2118 1758 2183 Dei

213 2228 282 2293 in
311 2229 521 2311 seipso
542 2229 885 2312 crucifigit,
916 2233 1091 2295 tanto
1119 2229 1335 2295 dolore
1361 2231 1424 2293 et
1450 2225 1758 2292 amaritu-

212 2336 365 2401 dine
390 2336 575 2402 debet
613 2337 966 2420 compungi
1004 2336 1309 2417 interius,
1340 2338 1405 2400 et
1435 2339 1611 2399 tanta
1637 2333 1753 2398 ab·

202 2443 484 2525 Jectione
528 2444 906 2510 humilitatis
955 2444 1142 2509 debet
1199 2462 1270 2508 se
1320 2443 1639 2525 despicere
1694 2446 1759 2507 et

209 2550 634 2634 vilipendere,
664 2555 738 2617 ut
777 2550 1010 2617 mulier
1048 2555 1360 2634 prostrata
1398 2569 1589 2635 super
1623 2552 1751 2615 ter-

208 2675 354 2722 ram
369 2706 388 2739 ,
427 2658 522 2723 vel
547 2658 823 2724 humum
852 2659 1093 2724 nudam
1123 2662 1530 2742 prorumpat,
1572 2661 1637 2724 et
1659 2657 1753 2722 la-

209 2769 463 2849 crymat
509 2768 790 2832 exterius
829 2766 910 2831 ad
942 2766 1429 2833 similitudinem
1471 2767 1757 2833 mulieris

205 2857 598 2956 deplorantis
650 2878 924 2940 mortem
974 2873 1293 2955 unigeniti
1355 2897 1371 2940 ε
1428 2876 1581 2959 quia
1625 2893 1755 2948 ,cor

205 2980 558 3046 contritum
586 2981 906 3046 sustinens
925 2981 996 3045 in
1023 2982 1238 3047 dolore
1257 2983 1670 3062 contritionis,
1692 2987 1757 3048 et

202 3088 623 3154 humiliatum
681 3089 1063 3156 voluntariae
1116 3091 1487 3172 abjectionis
1540 3092 1564 3129 ⁸
1618 3091 1754 3157 sine

203 3213 550 3261 murmure
575 3197 1028 3281 impatientiae,
1060 3197 1229 3262 Deus
1264 3215 1393 3263 non
1431 3199 1748 3282 despiciet.

206 3301 392 3369 Unde
431 3302 818 3386 Bernardus,
849 3320 1038 3388 super
1083 3304 1348 3373 Cantica
1378 3305 1399 3341 ⁸
1440 3327 1456 3370 ε
1505 3329 1536 3368 ι
1581 3303 1750 3384 Quo-

204 3410 404 3474 modo
463 3428 620 3477 vero
669 3430 805 3476 non
849 3412 1297 3478 humiliabitur
1347 3413 1563 3478 anima
1609 3431 1756 3479 mea

201 3518 530 3601 peccatrix
562 3519 631 3584 in
671 3519 793 3584 hac
824 3537 979 3585 vera
1016 3520 1381 3603 cognitione
1421 3521 1557 3602 sui,
1602 3540 1752 3587 cum

202 3642 276 3690 se
298 3624 568 3709 percipit
596 3631 923 3692 oneratam
965 3629 1267 3711 peccatis,
1296 3628 1644 3723 proclivem
1672 3630 1755 3695 ad

201 3731 390 3812 vitia,
417 3731 769 3800 invalidam
806 3735 889 3800 ad
931 3736 1202 3802 virtutes
1240 3757 1256 3803 ε
1287 3755 1506 3802 nonne
1539 3738 1754 3821 magis

203 3842 621 3906 convertetur
645 3842 714 3907 in
748 3861 982 3926 aquam
1009 3843 1090 3908 ad
1116 3843 1455 3926 lacrymas,
1485 3863 1751 3912 conver-

203 3951 383 4013 tetur
418 3948 499 4013 ad
535 3949 859 4032 planctum
903 3955 967 4016 et
1004 3952 1318 4033 gemitus,
1347 3958 1754 4021 convertetur

203 4055 290 4120 ad
317 4054 703 4135 Dominum,
733 4057 888 4122 etin
933 4058 1293 4124 humilitate
1330 4060 1630 4126 clamabit
1662 4063 1686 4100 ⁸
1730 4083 1746 4126 ε

207 4159 392 4227 Sana
416 4163 704 4229 animam
731 4180 953 4244 meam,
983 4166 1145 4247 quia
1167 4169 1431 4248 peccavi
1460 4168 1581 4234 tibi
1599 4169 1634 4233 P

304 4267 602 4334 Secundo
664 4270 970 4336 debemus
1032 4274 1347 4338 sustinere
1411 4272 1751 4341 Dominum

200 4393 487 4443 moerore
511 4382 750 4457 apertae
775 4379 1185 4444 confessionis
1209 4380 1279 4445 in
1306 4398 1452 4461 ore;
1485 4383 1656 4448 unde
1686 4385 1752 4448 in

201 4482 478 4549 Psalmis
509 4483 532 4519 ⁸
572 4505 590 4549 ε
628 4507 662 4548 α
687 4485 906 4568 Dirige
943 4505 1048 4551 me
1082 4487 1152 4551 in
1185 4487 1451 4553 veritate
1496 4494 1640 4570 tua,
1688 4496 1753 4557 et

200 4589 362 4655 doce
396 4608 537 4669 me;
572 4592 727 4675 quia
751 4597 826 4657 tu
860 4611 929 4658 es
960 4592 1125 4658 Deus
1149 4594 1427 4661 salvator
1451 4615 1658 4677 meus,
1688 4601 1755 4662 et

199 4699 266 4760 te
291 4696 574 4763 sustinui
608 4702 739 4764 tota
772 4699 899 4765 die.
931 4698 1353 4767 Reminiscere
1398 4703 1755 4770 miseratio-

201 4818 366 4867 num
419 4806 485 4868 et
532 4804 1119 4870 misericordiarum
1171 4809 1467 4889 tuarum,
1519 4827 1666 4892 quae
1712 4831 1755 4876 a

203 4908 444 4975 saeculo
497 4914 670 4977 sunt.
724 4910 961 5002 Delicta
1004 4914 1366 4995 juventutis
1427 4935 1591 4984 meae
1612 4965 1631 4998 ,
1689 4921 1754 4984 et

203 5015 600 5099 ignorantias
640 5038 815 5086 meas
862 5038 946 5085 ne
988 5023 1357 5088 memineris
1373 5074 1390 5106 ‚
1442 5024 1745 5107 Domine;

202 5123 411 5208 dirige
455 5145 564 5192 me
595 5127 667 5192 in
702 5127 970 5193 veritate
1015 5129 1129 5194 tua
1148 5177 1168 5211 ,
1205 5129 1230 5164 ⁷
1273 5134 1338 5196 et
1379 5150 1510 5197 non
1554 5133 1748 5199 decli-

272 5323 289 5357 ¹
314 5323 481 5376 Glooe.
517 5338 580 5376 ex
610 5325 756 5390 ned„
784 5325 838 5375 in
872 5325 1053 5390 Herc„
1085 5338 1213 5388 vm,
1239 5342 1287 5380 c.
1318 5330 1401 5380 ⁸2.
1428 5356 1492 5369 -
1517 5331 1541 5366 ⁸
1571 5330 1752 5395 Eccli„

207 5402 269 5454 ιι,
306 5398 358 5446 2.
385 5421 448 5434 —
474 5396 496 5428 ²
523 5397 691 5448 Locus
728 5400 1018 5461 corruptus.
1047 5424 1108 5437 -
1138 5399 1157 5429 ⁴
1183 5399 1453 5466 Bernard„
1488 5404 1544 5453 in
1580 5405 1750 5468 Cant„

208 5475 362 5521 serm.
394 5479 589 5534 xxxvi,
615 5481 670 5525 n.
698 5471 746 5528 5.
772 5494 835 5508 —
868 5468 892 5509 ⁸
916 5469 1059 5526 emt.
1087 5480 1173 5536 xa,
1205 5475 1253 5526 4.
1285 5498 1340 5510 -
1375 5474 1399 5509 ⁸
1436 5474 1568 5530 psat.
1603 5487 1749 5543 xxiv,

3282 478 3397 541 ³64

1863 625 2016 673 nem
2044 607 2124 690 (α)
2146 624 2256 672 cor
2282 625 2502 673 meum
2522 607 2591 672 in
2615 606 2808 674 verba
2824 606 3083 674 malitiae
3103 608 3185 675 ad
3210 626 3402 676 excu-

1862 713 2093 779 sandas
2135 712 2573 778 excusationes
2612 713 2683 778 in
2722 713 2992 798 peccatis
3023 734 3039 779 ε
3074 736 3105 774 n
3143 719 3208 780 et
3248 715 3400 781 doce

1860 838 1967 884 me
2002 838 2164 903 pure
2204 824 2269 884 et
2312 820 2584 903 perfecte
2619 821 2904 885 confiteri
2943 839 3084 886 mea
3122 827 3392 905 peccata.

1865 929 2033 1002 onia
2067 937 2143 997 tu
2182 944 2249 995 es
2292 929 2457 995 Deras
2496 929 2777 997 salvator
2809 946 2986 996 meus
3003 979 3021 1011 ,
3060 930 3400 997 tribuendo

1860 1036 2118 1101 veniam
2161 1036 2454 1110 omnium
2481 1036 2876 1103 delictorum.
2911 1038 3076 1112 Quia
3115 1044 3176 1106 te
3208 1041 3401 1106 susti·

1860 1144 1983 1210 nui
2010 1148 2145 1212 tota
2178 1142 2319 1221 die,
2357 1142 2423 1207 id
2449 1147 2580 1226 est,
2623 1161 2793 1227 saepe
2828 1162 2977 1209 cum
3023 1163 3296 1211 moerore
3338 1151 3402 1212 et

1861 1252 2120 1335 planctu
2147 1252 2506 1317 confitendo
2537 1270 2681 1318 mea
2719 1257 3009 1336 peccata3
3040 1254 3180 1320 ideo
3205 1257 3401 1322 remi-

1860 1361 2105 1427 niscere
2155 1361 2646 1428 miserationum
2696 1366 2757 1429 et
2815 1362 3400 1431 misericordiarum

1860 1472 2121 1534 tuarum
2138 1516 2156 1547 ,
2185 1475 2244 1535 et
2274 1469 2680 1552 ianorantias
2705 1484 2879 1536 meas
2906 1486 2985 1536 ne
3010 1472 3398 1540 memineris.

1861 1574 2039 1641 Unde
2057 1576 2336 1642 multum
2362 1577 2548 1643 debet
2571 1577 2892 1643 attendere
2913 1578 3199 1661 quilibet,
3229 1580 3401 1663 quod

1860 1685 2239 1750 confiteatur
2264 1686 2537 1768 perfecte
2553 1686 2771 1750 omnia
2796 1692 3048 1769 peccata
3072 1705 3189 1751 sua
3211 1708 3227 1752 ε
3250 1688 3403 1771 quia

1862 1793 1916 1857 si
1943 1811 2150 1858 unum
2184 1793 2532 1859 retineatur
2548 1843 2565 1875 ‚
2608 1811 2941 1878 nunquam
2981 1801 3404 1880 consequetur

1862 1901 2120 1966 veniam
2169 1900 2468 1967 aliorum.
2529 1900 2669 1967 Non
2734 1902 2906 1967 enim
2966 1905 3171 1986 potest
3229 1904 3400 1970 idem

1861 2007 2057 2071 homo
2081 2025 2219 2072 esse
2246 2010 2464 2091 justus
2490 2013 2553 2074 et
2578 2011 2887 2092 peccator,
2921 2008 3131 2073 bonus
3166 2014 3231 2074 et
3272 2029 3403 2076 ma·

1860 2113 1998 2193 lua,
2042 2132 2265 2179 servus
2312 2115 2461 2196 Dei,
2495 2119 2561 2181 et
2601 2134 2828 2182 servus
2866 2116 3100 2182 diaboli
3134 2135 3153 2181 τ
3194 2118 3345 2200 quia
3376 2125 3401 2161 ⁸

1869 2239 2107 2286 «nemo
2133 2226 2337 2305 potest
2356 2222 2606 2289 duobus
2631 2224 2905 2290 dominis
2930 2225 3169 2290 servire
3186 2247 3217 2286 ι
3248 2244 3404 2292 con-
3482 2242 3491 2256 ·

1860 2330 2057 2393 traria
2074 2330 2475 2412 jubentibus.
2506 2331 2684 2398 Unde
2711 2334 2875 2398 sicut
2906 2334 3093 2398 navis
3125 2335 3403 2400 existens

1862 2438 1934 2503 in
1972 2438 2157 2522 aquis
2192 2439 2383 2521 plena
2424 2441 2876 2521 foraminibus,
2903 2443 2959 2506 si
2999 2444 3142 2526 ejus
3185 2443 3405 2509 omnia

1862 2547 2176 2612 foramina
2191 2548 2570 2614 obturentur
2598 2548 2673 2631 (b)
2700 2553 2932 2633 praeter
2958 2567 3164 2616 unum
3175 2598 3198 2631 ,
3228 2551 3402 2615 nihi·

1861 2653 2141 2720 lominus
2184 2673 2299 2739 per
2341 2655 2501 2721 illud
2542 2676 2747 2722 unum
2778 2658 3306 2740 submergeretur
3334 2658 3401 2723 in

1861 2764 2251 2847 profundum
2300 2766 2528 2846 maris;
2581 2766 2671 2830 sic
2714 2768 3043 2849 peccator,
3089 2767 3144 2831 si
3186 2768 3403 2833 omnia

1861 2877 2116 2954 peccata
2144 2873 2539 2953 confiteatur,
2568 2878 2633 2939 et
2658 2891 2864 2939 unum
2905 2877 3256 2956 remaneat,
3285 2893 3401 2961 per

1860 2979 2019 3045 illud
2044 2980 2253 3045 solum
2278 2979 2641 3046 damnatur.

1939 3084 2153 3152 Tertio
2173 3087 2475 3154 debemus
2497 3088 2809 3154 sustinere
2830 3088 3167 3155 Dominum
3185 3091 3401 3158 labore

1860 3195 2200 3277 condignae
2226 3196 2687 3275 satisfactionis,
2715 3196 2886 3262 unde
2910 3202 2934 3239 ⁹
2961 3217 3025 3262 :c
3051 3196 3193 3281 Fili,
3222 3218 3396 3266 acce-

1860 3302 2015 3367 dens
2039 3302 2120 3368 ad
2148 3304 2523 3370 servitutem
2562 3303 2695 3384 Dei,
2726 3305 2915 3369 stain
2949 3307 3198 3388 justitia
3222 3311 3287 3374 et
3313 3309 3402 3374 ti-

1860 3428 2062 3489 more,
2092 3414 2157 3474 et
2179 3429 2471 3494 praepara
2497 3411 2784 3476 animam
2805 3414 2986 3477 tuam
3013 3412 3092 3478 ad
3118 3416 3403 3482 tentatio-

1862 3537 2009 3584 nem
2044 3542 2060 3583 :
2089 3518 2377 3603 deprime
2404 3538 2514 3585 cor
2544 3525 2755 3600 tuum,
2780 3524 2846 3586 et
2875 3523 3139 3589 sustine.
3166 3545 3200 3584 n
3238 3524 3399 3606 Fili,

1861 3626 2169 3694 accedens
2196 3626 2287 3695 ad
2312 3630 2683 3696 servitutem
2718 3629 2842 3696 Dei
2877 3647 2992 3713 per
3033 3632 3403 3714 aggressio-

1861 3751 2011 3797 nem
2041 3734 2454 3817 poenitentiae,
2486 3737 2692 3803 stain
2724 3737 3017 3820 justitia,
3050 3743 3127 3803 ut
3162 3745 3403 3823 quanto

1863 3842 2169 3921 graviora
2193 3840 2429 3907 damna
2458 3842 2574 3908 tibi
2603 3843 2808 3927 culpae
2835 3844 3104 3910 intulisti
3128 3865 3244 3931 per
3266 3849 3404 3913 cul-

1861 3967 2044 4032 pam,
2084 3953 2260 4014 tanto
2297 3950 2575 4016 lamenta
2610 3953 2854 4035 majora
2877 3954 3263 4036 poenitentiae
3288 3956 3404 4021 tibi

1861 4056 2096 4120 inferas
2123 4075 2238 4140 per
2262 4057 2718 4140 poenitentiam,
2750 4063 2824 4125 ut
2851 4061 2896 4097 ¹⁰
2930 4061 3093 4125 «uhi
3115 4062 3399 4130 abunda·

1860 4162 1954 4227 vit
1995 4162 2334 4242 delictum,
2366 4185 2397 4224 ι
2448 4183 2562 4247 per
2598 4183 2931 4231 excessum
2970 4167 3212 4252 culpae,
3249 4191 3282 4231 α
3314 4169 3402 4235 ibi

1861 4270 2332 4353 superabundet
2378 4271 2619 4346 donum
2667 4274 2897 4355 gratiae
2930 4296 2964 4335 n
3013 4293 3127 4358 per
3170 4277 3404 4361 dignos

1861 4376 2109 4442 fructus
2138 4379 2551 4461 poenitentiae.
2596 4379 2680 4446 Et
2702 4382 2776 4447 in
2800 4383 3022 4449 timore
3052 4382 3263 4449 filialis
3297 4404 3404 4452 re-

1860 4485 2197 4565 verentiae,
2228 4486 2384 4569 quia
2405 4487 2448 4523 ¹¹
2485 4507 2518 4547 α
2542 4487 2655 4569 qui
2682 4487 2819 4552 sine
2844 4488 3072 4555 timore
3097 4494 3228 4574 est,
3270 4510 3403 4558 non

1854 4594 2334 4675 justificabitur,
2362 4616 2394 4655 ι
2434 4594 2524 4662 Et
2564 4610 2862 4679 proepara
2903 4598 3192 4665 animam
3224 4605 3404 4668 tuam

1860 4699 1953 4767 ad
1978 4705 2389 4768 tentationem
2413 4701 2669 4781 diaboli,
2714 4720 2796 4767 ne
2824 4704 2885 4768 ei
2911 4705 3264 4789 acquiescat
3289 4725 3403 4790 per

1861 4825 2242 4872 consensum
2267 4827 2286 4874 ε
2312 4807 2586 4874 libenter
2606 4809 2779 4874 enim
2807 4810 3096 4878 diabolus
3114 4812 3404 4879 immittit

1860 4914 2278 4979 tentationem
2301 4916 2371 4980 in
2401 4934 2531 4994 eos,
2562 4917 2679 5000 qui
2705 4918 3000 4983 exierunt
3023 4919 3102 4984 de
3122 4919 3402 5005 AEgypto

1859 5026 2289 5105 peccatorum,
2319 5023 2679 5090 reducendo
2706 5025 2787 5088 ad
2815 5026 3189 5091 memoriam
3211 5046 3397 5093 mun-

1860 5131 2026 5196 dana
2053 5130 2534 5211 delectamenta,
2562 5135 2637 5197 ut
2660 5149 2772 5197 eos
2801 5133 2988 5198 faciat
3022 5133 3402 5202 descendere

1858 5304 1957 5352 5-6.
1981 5328 2036 5339 -
2064 5301 2088 5337 ‘¹
2115 5300 2253 5352 Prot.
2282 5313 2403 5364 οη,
2433 5304 2480 5353 i.
2508 5324 2568 5338 -
2596 5301 2620 5338 ⁸
2643 5302 2850 5365 Mateta„
2880 5314 2955 5367 vr,
2981 5306 3061 5355 24.
3083 5330 3146 5343 —
3167 5307 3187 5339 ¹
3215 5306 3400 5371 Recte„

1861 5383 1919 5435 ιι,
1950 5376 1997 5423 1.
2027 5399 2091 5410 -
2124 5373 2164 5405 ··
2190 5373 2345 5437 Rom,
2375 5383 2426 5435 v,
2452 5375 2531 5424 20.
2563 5398 2624 5411 —
2651 5373 2691 5410 ¹¹
2720 5375 2902 5436 Eccli„
2933 5386 2971 5440 1,
3004 5379 3082 5430 28.

1837 5519 1847 5527 ,
1923 5473 1990 5539 (α)
2024 5471 2172 5540 ναις.
2201 5471 2440 5524 declines.
2472 5498 2531 5510 -
2566 5470 2638 5538 (b)
2668 5472 2781 5540 129.
2805 5473 3184 5534 obmmentur.
