4059 6317
999 510 1240 582 FERJA
1279 510 1364 577 m
1400 504 1600 577 POST
1642 503 1977 576 PASCHA.
2018 502 2283 575 SERMO
2325 505 2432 573 111.

162 648 417 717 seems
458 648 774 735 spoliant,
820 649 1068 715 similes
1118 648 1347 730 militi,
1399 647 1510 730 qui
1549 664 1667 711 sua

162 758 347 825 lancea
370 759 718 826 Dominum
744 762 1080 824 mortuum
1104 753 1469 840 perforavit.

225 865 301 931 De
343 869 568 950 quarto
593 868 614 903 ²
648 889 664 930 :
706 889 737 928 ι
762 865 991 930 Bestiae
1026 867 1217 928 terrae
1262 864 1451 926 erunt
1496 859 1667 942 paci-

166 976 280 1040 flcae
310 975 423 1039 tibi
447 1022 463 1053 ,
493 978 570 1040 ut
597 975 757 1040 scias
787 973 940 1058 quia
972 969 1456 1037 tabernaculum
1483 970 1671 1032 tunm

163 1100 353 1164 pacem
367 1083 617 1147 babeat.
633 1104 664 1143 υ
688 1081 839 1147 Haec
855 1082 1028 1146 enim
1046 1098 1175 1163 pax
1191 1097 1339 1143 cum
1357 1076 1574 1142 bestiis
1589 1077 1675 1139 ir-

164 1190 616 1255 rationabilibus
625 1188 873 1272 perdita
890 1191 987 1253 est
998 1204 1113 1271 per
1125 1189 1476 1270 peccatum.
1498 1182 1675 1249 Sicut

164 1298 307 1360 enim
345 1298 493 1362 dicit
534 1297 813 1361 Isidorus
837 1297 862 1332 ¹
893 1317 910 1360 ε
952 1317 984 1355 α
1010 1293 1078 1359 Si
1118 1294 1315 1358 homo
1357 1309 1488 1356 non
1525 1308 1674 1373 pec·

165 1406 358 1484 cesset,
387 1403 604 1469 nullus
633 1421 786 1468 eum
812 1402 992 1485 ignis
1023 1405 1261 1480 ureret,
1298 1399 1476 1465 nulla
1508 1415 1679 1482 aqua

165 1510 603 1593 submergeret,
622 1508 806 1574 nulla
825 1508 1026 1574 bestia
1045 1509 1323 1572 noceret.
1343 1528 1375 1567 υ
1397 1504 1494 1569 Ex
1510 1504 1678 1569 dono

166 1620 358 1681 autem
402 1615 654 1700 speciali
700 1615 910 1681 adhuc
947 1618 1254 1679 creaturae
1297 1630 1519 1695 pacem
1544 1629 1680 1676 ser-

166 1726 303 1786 vant
335 1740 479 1787 cum
513 1723 791 1787 sanctis:
823 1721 987 1786 sicut
1027 1721 1206 1802 ignis
1231 1725 1253 1761 ὓ
1287 1737 1435 1784 cum
1475 1717 1682 1783 trihus

167 1804 388 1911 {inerim
419 1830 587 1893 sicut
611 1846 783 1912 aqua
808 1829 833 1864 ¹·
858 1847 1009 1893 cnm
1033 1827 1185 1893 filiis
1208 1825 1400 1891 Israel
1423 1826 1493 1889 in
1516 1823 1681 1889 mari

167 1936 397 2016 Rubro;
425 1938 588 2003 sicut
610 1938 829 2003 leones
855 1943 877 1978 ⁸
894 1954 1044 2002 cum
1066 1935 1345 2001 Daniele.
1368 1933 1492 1998 Sed
1518 1950 1680 2016 qua-

165 2043 282 2108 lem
312 2051 616 2110 creaturae
650 2063 801 2110 cum
839 2044 1208 2109 hominihus
1233 2059 1453 2126 pacem
1480 2038 1682 2105 habe—

165 2150 313 2215 bunt
359 2150 426 2215 in
477 2151 826 2217 novissimo
880 2155 1168 2235 tempore
1199 2198 1219 2228 ,
1275 2149 1639 2215 ostendetur
1660 2192 1679 2223 ,

165 2259 322 2340 quia,
347 2260 509 2325 sicut
534 2260 769 2326 dicitur
791 2267 840 2340 ⁸,
877 2281 910 2321 α
936 2259 1251 2343 pugnabit
1279 2276 1395 2341 pro
1413 2276 1491 2323 eo
1508 2256 1684 2322 orbis

163 2370 461 2431 terrarum
529 2370 752 2432 contra
814 2366 1190 2431 insensatos.
1246 2385 1278 2425 ι
1338 2363 1684 2430 Nobiscum

163 2472 338 2538 mdo
361 2474 519 2538 bene
557 2476 896 2556 ageretur,
934 2474 988 2537 si
1023 2471 1223 2538 hestia
1262 2471 1584 2548 avaritiae,
1628 2468 1685 2534 si

163 2597 320 2662 aqna
366 2579 666 2661 luxuriae,
722 2583 789 2645 et
834 2579 1013 2660 ignis
1056 2578 1374 2662 superbiae
1438 2576 1685 2642 animas

163 2692 391 2753 nostras
402 2707 533 2753 non
547 2688 880 2753 laederent.
903 2685 1146 2751 Natura
1167 2685 1343 2767 iguis
1355 2689 1451 2750 est
1467 2702 1686 2749 ascen-

164 2791 306 2857 dere
326 2816 342 2859 :
366 2795 455 2859 sic
491 2799 558 2861 et
597 2793 893 2877 superbis
923 2784 1036 2876 ’(α).
1081 2791 1371 2858 Psalmus
1393 2792 1417 2828 ⁷
1448 2814 1466 2856 ι
1506 2814 1538 2852 α
1560 2790 1683 2857 Su-

163 2900 367 2981 perbia
388 2920 614 2967 eorum
640 2901 754 2984 qui
783 2905 847 2966 te
871 2900 1147 2966 oderunt
1162 2949 1181 2980 ,
1210 2899 1489 2965 ascendit
1516 2916 1684 2963 sem-

161 3024 292 3087 per.
316 3031 346 3072 n
380 3009 499 3075 Per
541 3008 815 3075 bestiam
856 3024 1116 3090 qnoque
1155 3006 1426 3072 avaritia
1478 3005 1684 3087 signi-

159 3112 411 3183 ficatur:
439 3117 606 3182 sicut
644 3114 820 3181 enim
852 3114 1072 3179 bestiae
1108 3114 1485 3179 devorantes
1509 3115 1681 3190 sunt,

159 3221 254 3285 sic
276 3228 334 3288 et
352 3224 614 3290 avaritia
631 3226 657 3263 ⁸
691 3244 709 3287 ε
749 3245 780 3284 ι
808 3220 980 3286 Facti
1006 3224 1160 3284 sunt
1186 3237 1425 3301 greges
1462 3218 1590 3284 mei
1616 3217 1688 3282 in

152 3328 438 3411 rapinam
460 3378 482 3411 ,
511 3330 673 3396 etin
698 3327 1179 3395 devorationem
1216 3327 1509 3392 omnium
1541 3325 1686 3390 bes-

148 3436 389 3502 tiarum
427 3440 594 3521 agri.
630 3459 662 3499 ι
691 3436 771 3502 Et
803 3437 969 3501 sicut
995 3436 1068 3499 in
1099 3434 1285 3518 aquis
1320 3433 1498 3517 porci
1532 3432 1685 3497 sub-

141 3550 532 3626 merguntur
547 3594 574 3626 ,
605 3546 702 3610 sic
738 3547 803 3609 et
839 3543 911 3608 in
951 3541 1138 3625 aquis
1170 3541 1448 3607 luxuriae
1474 3539 1690 3605 homi-

139 3668 264 3716 nes
291 3669 630 3734 porcorum
657 3670 839 3718 more
860 3651 1172 3718 viventes.

693 3829 988 3903 SERMO
1030 3829 1148 3898 111.

207 3975 381 4042 Pax
399 3977 576 4044 vobis
597 3976 645 4056 ⁹,
675 3980 796 4041 etc.
826 3973 1017 4039 Bonis
1042 3972 1414 4038 hominibus
1439 3974 1536 4037 est
1565 3988 1692 4054 pax

117 4081 192 4146 in
247 4084 545 4163 mundo,
571 4100 704 4167 pax
728 4081 800 4146 in
825 4084 1148 4159 extremo,
1179 4098 1309 4162 pax
1335 4077 1689 4161 injudicio,

113 4208 258 4273 pax
285 4192 376 4257 in
399 4194 580 4257 coelo.

195 4298 303 4364 De
335 4300 549 4382 primo
574 4301 623 4342 ¹⁰
657 4316 676 4362 z
717 4321 749 4360 u
769 4297 838 4363 Si
865 4298 933 4362 in
971 4298 1078 4364 via
1119 4296 1228 4363 Dei
1271 4296 1690 4376 ambulasse-8,

109 4404 504 4471 habitasses
540 4405 769 4489 utique
820 4404 892 4469 in
931 4422 1088 4482 pace
1131 4422 1322 4488 super
1360 4407 1622 4469 terram.
1655 4425 1688 4464 x»

3188 504 3308 574 227

1775 646 1973 711 sentis
2008 645 2160 710 vitae
2173 692 2192 724 ,
2223 643 2327 710 vel
2368 641 2588 708 mundi
2617 640 2957 723 significat.
2997 639 3118 720 Qui
3153 660 3311 726 ergo

1776 770 1996 818 veram
2024 771 2176 818 cum
2201 751 2559 835 Deopaeem
2573 748 2914 833 postponit,
2934 749 3096 815 etad
3118 766 3310 815 mun-

1778 860 1934 924 dum
1957 877 2025 923 se
2051 860 2386 937 convertit,
2415 858 2496 922 ab
2518 856 2868 923 Jerusalem
2896 857 2966 921 in
2982 856 3188 922 Jerico
3206 876 3316 923 ve·

1778 967 1898 1046 nit,
1927 970 1991 1032 et
2012 967 2082 1031 in
2107 966 2407 1045 latrones,
2438 965 2672 1030 scilicet
2695 965 3042 1044 daemones,
3069 964 3313 1045 incidit,

1781 1093 1822 1138 a
1855 1073 2090 1157 quibus
2127 1074 2431 1157 spoliatur
2467 1072 2676 1154 gratia
2691 1121 2715 1153 ,
2752 1076 2817 1138 et
2845 1071 3221 1138 vulneratur
3247 1071 3318 1136 in

1782 1185 2031 1247 natura.
2081 1181 2373 1248 Psalmus
2404 1182 2451 1222 ¹¹
2483 1203 2499 1245 ε
2545 1203 2576 1241 α
2615 1179 2918 1245 Contritio
2954 1185 3017 1246 et
3048 1179 3315 1245 infelici-

1783 1295 1903 1370 taS,
1940 1310 1973 1350 n
2021 1293 2140 1355 etc.
2187 1289 2261 1355 In
2304 1291 2581 1355 secunda
2611 1290 2719 1355 via
2757 1307 3006 1373 semper
3050 1306 3179 1373 pax
3222 1292 3323 1355 est

1782 1397 2069 1477 interior,
2098 1397 2244 1463 licet
2268 1415 2398 1463 non
2425 1416 2679 1481 semper
2705 1398 2982 1464 exterior
3004 1399 3052 1440 ¹⁸
3078 1418 3141 1461 τι
3168 1398 3320 1464 Om-

1783 1523 1898 1570 nes
1948 1506 2192 1570 semitae
2236 1504 2407 1570 illius
2450 1506 2759 1589 paciflcae‚
2802 1527 2834 1566 n
2880 1507 2999 1571 etc.
3050 1504 3317 1571 Psalmi-

1784 1616 1884 1677 sta
1910 1613 1956 1649 ¹⁸
1986 1631 2049 1678 z«
2064 1613 2198 1678 Pax
2215 1614 2417 1677 multa
2436 1612 2852 1696 diligentibus
2879 1613 3117 1696 legem,
3136 1635 3169 1675 n
3197 1618 3319 1681 etc.

1789 1719 2043 1786 Insania
2080 1738 2243 1802 ergo
2275 1725 2371 1785 est
2406 1721 2502 1786 ire
2534 1740 2651 1804 per
2674 1721 2873 1801 viam,
2903 1721 2974 1785 in
2998 1739 3128 1805 qua
3151 1740 3322 1787 nun-

1788 1846 1986 1910 quam
2028 1829 2224 1895 homo
2263 1829 2486 1909 evasit,
2529 1832 2594 1893 et
2628 1829 2991 1913 relinquere
3027 1830 3223 1907 viam,
3256 1829 3328 1893 in

1789 1952 1916 2017 qua
1959 1954 2296 2019 nunquam
2341 1936 2536 2001 homo
2573 1936 2782 2019 periit,
2824 1936 2971 2002 licet
3006 1938 3165 2002 forte
3209 1937 3331 2001 ista

1788 2041 2067 2124 planior,
2097 2047 2162 2109 et
2204 2044 2316 2108 illa
2355 2045 2637 2127 asperior
2680 2045 2993 2110 videatur.
3036 2043 3203 2110 Beda
3231 2044 3324 2110 ¹⁸:

1798 2171 1831 2210 α
1855 2148 2125 2215 Felicius
2152 2155 2246 2216 est
2269 2150 2416 2216 duci
2441 2169 2557 2233 per
2586 2169 2877 2234 asperam
2911 2152 3090 2219 viam
3116 2152 3198 2218 ad
3220 2170 3329 2216 re-

1794 2274 2029 2339 gnum,
2061 2277 2260 2341 quam
2303 2277 2418 2342 per
2466 2257 2723 2342 planam
2771 2264 2834 2326 et
2874 2277 3195 2326 amoenam
3248 2259 3330 2325 ad

1792 2365 2199 2450 supplicium.
2221 2387 2253 2427 ι

1871 2474 1958 2541 De
1996 2476 2273 2541 secundo
2298 2476 2345 2513 ¹⁸
2376 2496 2393 2540 t
2430 2496 2463 2538 α
2489 2474 2704 2556 Nunc,
2751 2474 3016 2541 Domine
3032 2523 3050 2556 ,
3098 2491 3326 2541 secun-

1791 2582 1949 2647 dum
1987 2581 2383 2648 voluntatem
2421 2587 2601 2661 tuam
2639 2582 2739 2647 fac
2781 2599 3037 2647 mecum
3078 2582 3327 2648 miseri-

1791 2690 2073 2755 cordiam
2087 2737 2104 2767 ,
2134 2695 2198 2755 et
2222 2690 2495 2773 praecipe
2533 2691 2601 2754 in
2626 2708 2780 2773 pace
2809 2689 3005 2773 recipi
3031 2690 3328 2774 spiritum

1789 2816 2030 2863 meum.
2061 2820 2093 2859 υ
2126 2796 2290 2863 Vere
2323 2798 2497 2863 bona
2537 2814 2693 2880 pace
2726 2797 2977 2879 indiget
3018 2796 3214 2863 homo
3260 2797 3333 2862 in

1792 2905 1972 2971 exitu
1996 2905 2075 2971 de
2103 2923 2390 2988 corpore,
2419 2905 2575 2989 quia
2598 2908 2752 2970 tunc
2776 2904 3022 2969 inimici
3049 2905 3334 2970 maxime

1793 3012 2199 3078 insidiantur.
2230 3012 2409 3077 Unde
2434 3011 2476 3049 ¹⁷
2508 3034 2525 3078 ε
2562 3035 2595 3077 α
2621 3011 2697 3077 In
2734 3016 3020 3096 tempore
3058 3011 3168 3077 illo
3201 3029 3335 3077 non

1800 3118 1922 3183 erit
1961 3137 2089 3201 pax
2128 3122 2192 3183 et
2217 3118 2566 3202 egredienti
2593 3122 2658 3183 et
2677 3118 3063 3201 ingredienti
3095 3119 3198 3202 (b),
3222 3119 3335 3184 sed

1793 3232 2069 3291 terrores
2092 3225 2378 3310 undique
2403 3226 2474 3290 in
2499 3226 2739 3291 cunctis
2763 3225 3224 3292 habitatoribus
3259 3226 3330 3309 (o)

1794 3336 2137 3398 terrarum.
2168 3355 2200 3393 n
2235 3332 2417 3398 Sicut
2452 3333 2579 3399 viri
2623 3333 2983 3417 spirituales
3037 3333 3335 3399 dicuntur

1794 3437 2182 3505 habitatores
2208 3440 2352 3506 coeli
2376 3439 2421 3477 ¹⁸
2454 3461 2469 3505 z
2510 3464 2542 3502 α
2565 3439 2792 3507 Nostra
2816 3441 3216 3507 conversatio
3241 3444 3337 3506 cst

1794 3546 1865 3610 in
1891 3542 2107 3625 coelis3
2137 3568 2169 3607 ιι
2195 3546 2721 3613 carnalesetmali
2746 3548 3019 3614 terrenis
3038 3547 3125 3630 (d)
3141 3548 3333 3626 vitiis,

1797 3653 2124 3719 voluntate
2144 3702 2164 3730 ,
2195 3672 2388 3738 opere
2425 3658 2488 3719 et
2523 3656 3009 3736 consuetudine,
3038 3655 3339 3721 dicuntur

1797 3767 1985 3827 terrae
2012 3762 2475 3827 habitatores.¹⁹
2507 3762 2688 3842 «Vae,
2718 3781 2844 3843 vae,
2875 3781 2976 3828 vae
2989 3762 3336 3829 habitanti-

1797 3869 1918 3936 bus
1945 3871 2015 3935 in
2045 3874 2240 3935 terra.
2286 3892 2319 3931 n
2361 3869 2473 3936 Vae
2507 3889 2626 3955 pro
2658 3871 3025 3950 voluntate3
3082 3889 3185 3938 vae
3222 3889 3339 3954 pro

1797 3998 2023 4063 opere;
2080 3999 2182 4046 vae
2236 3997 2356 4063 pro
2411 3980 2892 4047 consuetudine.
2958 3978 3218 4046 Talibus
3269 3979 3338 4044 in

1797 4089 2086 4169 tempore
2129 4087 2354 4151 mortis
2396 4104 2527 4152 non
2570 4091 2668 4151 est
2707 4105 2837 4171 pax
2876 4086 3243 4170 egrediendi
3276 4089 3342 4153 et

1798 4193 2229 4275 ingrediendi.
2280 4193 2434 4259 Sine
2488 4212 2640 4278 pace
2686 4194 3090 4277 ingredimur
3140 4193 3336 4259 infer-

1798 4319 1958 4366 num
1980 4324 1998 4381 ;
2030 4302 2204 4367 unde
2228 4302 2276 4344 ¹⁰
2306 4324 2374 4365 :a
2401 4300 2671 4383 Inimici,
2687 4322 2718 4362 u
2740 4301 2977 4367 scilicet
2991 4302 3336 4382 daemones,

1810 4430 1841 4469 α
1877 4408 2365 4475 circumdabunt
2406 4413 2493 4487 te,
2523 4430 2555 4468 n
2589 4408 2822 4474 scilicet
2871 4409 3119 4474 exitum
3153 4413 3341 4474 tuum

107 4512 290 4579 Eeoe
318 4513 484 4579 duae
514 4516 670 4578 sunt
690 4511 821 4577 viae
853 4533 869 4576 :
898 4510 1130 4577 diaboli
1159 4529 1312 4592 una,
1339 4510 1538 4576 altera
1565 4511 1694 4576 Dei.

103 4617 186 4684 ln
237 4621 482 4705 prima
517 4636 853 4703 nunquam
897 4617 1129 4701 aliquis
1178 4635 1397 4699 pacem
1446 4618 1695 4697 habuit,

100 4729 290 4810 quin
338 4727 742 4810 spoliaretur
770 4723 876 4791 vel
916 4723 1327 4789 occideretur.
1378 4724 1502 4789 Per
1535 4724 1700 4790 hanc

99 4834 483 4903 descendit
503 4833 702 4898 homo
745 4832 828 4896 ab
870 4829 1220 4895 Jemsalem
1263 4830 1335 4895 in
1368 4830 1595 4911 Jerico,
1625 4836 1703 4897 ut

101 4945 385 5009 dicitnr
407 4942 488 5005 ⁸².
512 4937 864 5006 Jerusalem
887 4936 1173 5019 pacifica
1200 4936 1697 5021 interpretatum

93 5049 362 5132 letica,
395 5048 596 5116 luna.
627 5045 813 5112 Luna
837 5044 1014 5109 enim
1040 5043 1515 5111 instabilitatem
1541 5063 1703 5128 prae-

93 5214 350 5353 ¹¹22&
378 5211 705 5339 22:122:
728 5207 851 5341 5¹:14
859 5230 936 5327 6-
937 5206 1001 5314 ἑ
1013 5206 1220 5344 9αέἇὶ).ι,ι
1231 5209 1376 5342 ιῧῗὲὶ
1388 5207 1491 5329 —L
1513 5207 1704 5332 §ms
1805 5261 1915 5315 ¹1¹,
1942 5251 2022 5299 44·
2045 5274 2100 5286 -
2129 5249 2171 5284 ²¹
2197 5247 2310 5313 Iob,
2336 5260 2390 5313 x,
2422 5251 2504 5300 21.
2523 5273 2587 5286 —
2610 5249 2651 5284 ¹²
2679 5249 2815 5313 Luc„
2836 5261 2948 5313 xiv,
2970 5251 3138 5300 31-82.

95 5373 316 5424 mm,
353 5361 461 5409 23.
501 5380 554 5391 -
586 5355 606 5384 ⁸
631 5351 838 5412 such„
865 5359 1045 5412 xxxiv,
1073 5354 1122 5400 8.
1152 5378 1207 5388 —-
1238 5353 1258 5383 ⁸
1286 5353 1421 5409 Luc..
1450 5363 1592 5415 xxxv,
1622 5354 1700 5402 36.
1872 5350 1941 5414 (α)
1975 5349 2091 5414 Leq.
2123 5348 2399 5413 superbiis.
2430 5375 2492 5385 -
2520 5346 2591 5414 (ὁ)
2619 5349 2741 5401 Coet.
2769 5348 2896 5400 edit.
2927 5348 3062 5400 deest
3091 5353 3145 5401 et
3166 5350 3346 5416 ingre-

92 5458 159 5477 ...
195 5434 243 5470 ω
287 5431 476 5491 flam,
512 5437 598 5489 ιιι,
631 5428 713 5475 13.
738 5446 802 5459 -
826 5420 868 5455 ¹¹
895 5418 1032 5483 Luc„
1061 5431 1118 5484 x,
1146 5423 1224 5472 30.
1251 5447 1316 5460 —
1346 5422 1381 5453 ⁸²
1413 5421 1548 5473 Peal.
1582 5433 1703 5485 xm,
1806 5420 1985 5472 dieuti.
2016 5448 2073 5459 —
2119 5423 2186 5486 (c)
2224 5419 2346 5473 coet.
2383 5419 2504 5471 edit.
2546 5418 2960 5474 habitationibus.
3002 5447 3065 5460 —
3102 5421 3189 5488 (d)
3226 5422 3345 5487 Leq.

95 5510 148 5559 ³.
174 5532 246 5549 ...
296 5505 349 5539 ι»
395 5500 592 5561 Pron„
637 5507 734 5558 ιιι,
780 5494 863 5544 17.
897 5513 965 5528 ·-
996 5493 1042 5527 ¹⁴
1075 5492 1213 5545 Ptol.
1255 5504 1443 5557 cxvm,
1490 5495 1599 5545 165.
1643 5518 1701 5529 -
1810 5491 2023 5544 terreni.

1802 4515 2222 4596 observando,
2263 4538 2295 4577 α
2322 4517 2841 4597 coangustabunt
2868 4524 2932 4581 te
2942 4563 2964 4597 ,
2995 4536 3027 4577 ν
3057 4516 3341 4581 animam

1801 4618 1881 4683 de
1907 4636 2169 4702 corpore
2212 4619 2543 4701 rapiendo,
2573 4622 2976 4702 prosternent
3009 4625 3074 4685 te
3110 4620 3189 4684 ad
3212 4623 3339 4683 ter·

1803 4743 1944 4790 ram
1961 4747 1992 4785 ι)
2026 4726 2073 4763 ¹¹
2101 4748 2132 4787 ι
2164 4724 2563 4789 tenebrosam
2590 4729 2653 4790 et
2677 4729 2962 4807 opertam
2990 4725 3210 4790 mortis
3235 4742 3340 4789 ca-

1803 4832 2034 4914 ligine,
2057 4854 2089 4892 ι)
2125 4831 2234 4896 uhi
2261 4833 2543 4896 animam
2571 4831 2924 4915 projicient.

1885 4940 1973 5004 De
1996 4939 2184 5003 tertio
2220 4939 2269 4974 ⁸¹
2308 4961 2324 5004 ε
2366 4961 2398 5001 α
2425 4938 2582 5015 Quis
2608 4956 2728 5004 rex
2752 4940 2982 5017 iturus,
3011 4960 3043 4999 n
3077 4943 3196 5006 etc.
3230 4959 3339 5005 us-

1809 5108 1844 5139 ¹⁵
1875 5107 1996 5158 Bed.
2037 5133 2091 5145 -
2136 5108 2179 5142 ¹⁸
2216 5105 2352 5172 Tob„
2389 5118 2474 5170 xv,
2511 5109 2560 5161 8.
2597 5133 2661 5144 —
2702 5108 2739 5139 ¹⁷
2777 5108 2821 5158 ll
2858 5107 3057 5174 Pan-al„
3087 5120 3178 5172 xv,
3206 5112 3256 5159 5.
3285 5136 3342 5147 --

1811 5177 1850 5215 ¹⁸
1883 5176 2096 5243 Philip„
2130 5188 2224 5239 111,
2262 5179 2342 5229 20.
2379 5204 2443 5215 —
2480 5178 2522 5213 ¹⁸
2559 5178 2736 5243 Apoc„
2772 5189 2893 5243 vm,
2925 5181 3005 5230 13.
3035 5203 3096 5216 —
3132 5180 3181 5214 ¹⁸
3206 5178 3346 5243 Luc„
