4059 6317
630 440 750 502 584

631 569 985 646 expectavit,
1022 566 1168 626 dum
1195 563 1460 624 converti
1485 560 1701 633 renuit,
1724 560 1935 631 Titum,
1954 562 2173 619 Roma-

630 680 778 724 num
822 661 1180 737 principem,
1226 673 1405 733 super
1448 672 1589 716 eum
1628 653 1896 727 induxit,
1935 653 2041 729 qui
2088 651 2172 711 eis

630 756 907 827 obsessis,
922 753 1203 813 undecies
1230 754 1466 811 centum
1493 748 1683 808 millia
1701 747 1859 807 fame
1886 750 1944 807 et
1965 746 2171 821 gladio

630 852 786 913 mori
807 849 962 921 fecit,
993 852 1051 907 et
1088 862 1297 907 omnes
1338 844 1490 904 alios
1525 842 1828 913 vendidit,
1872 841 1954 899 ita
2003 840 2173 916 quod

630 947 866 1021 triginta
907 960 982 1003 ex
1023 941 1108 1001 eis
1146 957 1258 1016 pro
1304 937 1553 999 denario
1595 952 1719 995 uno
1764 935 1931 994 dedit
1956 936 2000 1007 ¹,
2028 935 2176 1011 quia

631 1040 829 1115 ipsum
858 1036 1172 1097 Dominum
1212 1032 1602 1094 vendiderant
1634 1046 1746 1105 pro
1789 1027 2027 1104 triginta
2067 1029 2173 1089 de-

630 1148 833 1193 narus.

702 1229 921 1299 Quarto
935 1268 956 1298 ,
1010 1238 1254 1297 surgere
1298 1220 1588 1280 debemus
1631 1235 1668 1277 a
1712 1220 1955 1293 peccato
1995 1215 2171 1291 gulae,

633 1340 757 1400 quo
794 1337 1035 1381 carnem
1072 1321 1527 1392 augmentamus
1544 1355 1564 1385 ,
1590 1318 1647 1372 et
1674 1312 1947 1388 spiritum
1973 1311 2173 1385 depri-

633 1417 871 1476 mimus.
912 1414 1074 1473 Gulae
1112 1413 1271 1471 enim
1323 1410 1578 1483 servire,
1623 1411 1710 1466 est
1746 1406 2178 1481 pinguedinem

634 1513 1016 1583 augmentare
1047 1511 1145 1567 :et
1171 1505 1600 1582 pinguedinem
1628 1518 1845 1575 augere
1860 1543 1881 1571 ,
1919 1503 2008 1558 est
2046 1514 2176 1557 san-

634 1606 877 1679 guinem
935 1602 1241 1674 minuere,
1298 1600 1403 1674 qui
1452 1603 1539 1657 est
1568 1596 1992 1655 nutrimentum
2019 1594 2172 1651 vitae.

641 1718 672 1754 α
705 1696 914 1758 Anima
952 1696 1114 1756 enim
1147 1698 1193 1766 ²,
1236 1693 1430 1753 omnis
1475 1691 1737 1750 hominis
1775 1691 1837 1748 in
1883 1687 2175 1762 sanguine

637 1798 742 1853 est.
771 1813 802 1850 ι
833 1792 998 1851 Unde
1035 1790 1150 1849 viri
1192 1789 1448 1865 pingues
1484 1785 1791 1846 modicum
1835 1784 2061 1855 habent
2100 1781 2177 1840 de

636 1886 947 1960 sanguine,
974 1885 1124 1942 sicut
1149 1882 1539 1957 Philosophus
1564 1881 1588 1917 ⁸
1625 1881 1684 1937 et
1720 1877 2132 1938 Constantinus
2157 1874 2180 1909 ⁸

639 1983 937 2040 testantur.
983 1983 1131 2039 Nam
1173 1976 1480 2053 pinguedo
1534 1988 1658 2032 non
1699 1976 1786 2031 est
1828 1970 2024 2042 aliud,
2062 1970 2172 2028 nisi

638 2075 879 2148 sanguis
906 2072 1249 2147 coagulatus
1262 2090 1281 2143 3
1304 2072 1380 2143 et,
1408 2069 1510 2145 qui
1533 2067 1840 2127 modicum
1861 2064 2086 2123 habent
2102 2063 2179 2122 de

639 2168 948 2242 sanguine,
975 2165 1282 2224 modicum
1323 2163 1548 2222 habent
1583 2165 1642 2220 et
1671 2161 1824 2218 vitae.
1865 2158 2062 2226 Unde,
2094 2156 2182 2216 lo-

641 2261 885 2338 quendo
906 2259 1320 2330 communiter,
1344 2257 1447 2332 qui
1474 2255 1725 2331 pingues
1750 2255 1907 2326 sunt,
1924 2268 2051 2311 non
2075 2251 2181 2310 diu

639 2355 840 2415 vivere
863 2358 1142 2430 possunt,
1189 2353 1332 2428 quia
1377 2349 1682 2426 pinguedo
1721 2347 1905 2406 vitam
1949 2344 2178 2403 minuit.

639 2451 804 2511 Unde
831 2448 1172 2523 exemplum
1197 2445 1438 2521 ponitur
1456 2446 1479 2482 ⁸
1502 2444 1579 2502 de
1600 2459 1779 2516 agno,
1793 2441 1918 2517 qui,
1935 2439 2181 2516 quando

642 2546 798 2605 circa
822 2559 994 2602 renes
1017 2541 1440 2617 impinguatur,
1470 2537 1587 2596 cito
1612 2537 1943 2595 infirmatur
1968 2538 2027 2592 et
2053 2549 2182 2591 mo·

639 2641 806 2699 ritur.
835 2638 930 2697 Isti
959 2636 1118 2695 enim
1149 2634 1434 2710 pingues,
1475 2632 1623 2691 dum
1665 2630 1728 2688 in
1769 2630 1853 2688 eis
1873 2627 2183 2704 pinguedo

643 2730 1005 2801 dissolvitur,
1034 2729 1231 2787 subito
1254 2728 1611 2797 moriuntur,
1638 2726 1695 2783 et
1726 2722 2121 2782 communiter
2147 2737 2183 2780 a

640 2827 906 2887 reumate
941 2823 1323 2882 suffocantur.
1369 2821 1535 2878 Unde
1577 2818 1720 2876 dicit
1743 2816 2134 2891 Hieronymus
2160 2816 2183 2852 ⁸

643 2919 809 2996 quod
834 2916 1177 2994 philosophi
1207 2916 1381 2987 olim,
1421 2919 1491 2974 ut
1528 2916 1770 2988 possent
1815 2911 1920 2969 diu
1964 2908 2184 2982 vivere,

641 3013 950 3073 modicum
991 3010 1216 3069 dabant
1242 3009 1415 3083 gulae,
1445 3011 1504 3066 et
1539 3004 1821 3065 vivebant
1852 3004 2016 3064 omni
2042 3007 2185 3062 tem-

640 3123 790 3182 pore
816 3108 1154 3179 temperate.
1188 3102 1468 3161 Dicebant
1493 3100 1653 3159 enim
1665 3142 1687 3172 ,
1717 3102 1775 3157 et
1797 3114 1937 3157 vere
1958 3141 1977 3170 ,
2023 3097 2185 3172 quod

645 3201 762 3260 cibi
788 3198 911 3258 dati
935 3197 1165 3256 homini
1193 3199 1361 3254 erant
1376 3195 1456 3253 ad
1477 3195 1661 3253 vitam
1687 3191 2182 3263 conservandam,
2218 3240 2225 3249 .

643 3311 768 3353 non
795 3293 875 3352 ad
902 3307 1038 3350 eam
1062 3287 1582 3364 corrumpendam.
1613 3291 1758 3346 Item
1775 3288 1833 3344 et
1846 3286 2126 3344 dicebant
2139 3284 2183 3359 ⁷,

645 3394 703 3446 et
730 3386 935 3445 dicunt
960 3383 1175 3455 Sancti,
1206 3381 1375 3457 quod
1410 3385 1615 3439 venter
1646 3379 1886 3455 pinguis
1912 3394 2184 3453 grossum

646 3497 885 3541 sensum
911 3478 1118 3552 gignit.
1151 3479 1363 3548 Quare,
1394 3478 1460 3534 ut
1483 3478 1725 3549 possent
1766 3490 1891 3532 esse
1918 3473 2184 3545 subtiles,

648 3578 816 3635 erant
838 3573 1164 3648 plurimum
1191 3570 1570 3629 abstinentes.
1597 3570 1737 3626 Item
1768 3567 2043 3626 homines
2062 3567 2189 3641 pin·

649 3686 795 3745 gues
829 3667 908 3726 ad
937 3664 1309 3740 operandum
1338 3668 1395 3723 et
1421 3662 1827 3737 generandum
1854 3664 1991 3719 sunt
2015 3661 2190 3736 quasi

649 3762 903 3822 inutiles.
930 3759 1095 3818 Unde
1122 3758 1329 3817 dicunt
1351 3761 1616 3832 pastores
1653 3755 1878 3826 ovium,
1909 3758 1967 3811 et
1992 3753 2192 3829 philo-

650 3856 823 3931 sophi
849 3855 965 3913 hoc
994 3853 1371 3926 scripserunt,
1400 3849 1598 3927 quod,
1625 3847 1872 3924 quando
1908 3846 2061 3904 aries
2080 3846 2191 3904 im-

650 3952 988 4027 pinguatur,
1012 3963 1137 4006 non
1164 3949 1251 4005 est
1264 3944 1344 4007 ad
1360 3942 1768 4018 generandum
1788 3947 1979 4016 aptus.
1999 3943 2192 4011 Quare

601 4084 612 4093 -
651 4046 940 4120 pastores,
971 4057 1109 4100 cum
1153 4055 1256 4099 eos
1303 4039 1481 4096 nimis
1535 4036 1894 4111 impinguari
1924 4037 2188 4101 cernunt,

652 4141 940 4212 tanquam
965 4133 1201 4193 inutiles
1239 4147 1342 4190 eos
1370 4130 1665 4189 occidunt.
1702 4130 1789 4188 Oh
1825 4129 1980 4187 hanc
2016 4129 2194 4187 etiam

654 4246 896 4291 causam
911 4228 1219 4287 mulierem
1237 4224 1414 4283 nimis
1434 4224 1719 4299 pinguem
1730 4222 2028 4281 volentem
2047 4238 2192 4281 con-

655 4325 884 4400 cipere,
928 4321 1306 4397 Hippocrates
1319 4320 1366 4356 *⁸
1396 4318 1567 4393 jubet
1605 4331 1987 4375 macrescere.
2017 4318 2194 4388 Ergo,

657 4436 792 4478 cum
816 4416 958 4492 gula
997 4417 1248 4473 mortem
1282 4412 1594 4480 acceleret,
1636 4410 1996 4468 intellectum
2031 4408 2196 4467 obte-

654 4512 884 4583 nebret,
912 4514 969 4567 et
988 4509 1111 4567 vim
1139 4507 1506 4582 operativam
1532 4509 1590 4563 et
1613 4504 2012 4576 generativam
2036 4519 2198 4561 ener-

654 4608 782 4677 vet,
828 4603 908 4663 ab
956 4618 1030 4660 ea
1068 4599 1435 4673 surgendum
1474 4602 1578 4657 est.
1617 4597 1779 4655 Unde
1820 4596 1901 4655 ad
1944 4596 2198 4655 litteram

659 4698 873 4757 dicitur
910 4697 933 4733 ⁹
963 4714 978 4753 ε
1016 4712 1044 4749 α
1074 4694 1133 4753 Si
1159 4696 1397 4752 coactus
1439 4691 1618 4750 fueris
1661 4691 1723 4749 in
1769 4690 2004 4750 edendo
2046 4690 2201 4749 mul-

657 4784 806 4866 tum,
830 4804 1052 4864 surgee
1079 4787 1304 4858 medio,
1332 4801 1567 4856 evome,
1587 4786 1646 4842 et
1662 4784 2029 4858 refrigerabit
2053 4787 2110 4842 te
2124 4804 2144 4859 ;
2162 4804 2193 4840 u

660 4885 831 4961 quasi
858 4883 1017 4941 dicat
1043 4901 1057 4940 ε
1086 4885 1260 4950 Cave,
1288 4895 1364 4938 ne
1388 4879 1641 4936 nimium
1669 4877 1949 4936 comedas
1959 4897 1977 4951 3
2000 4877 2128 4951 sed,
2149 4879 2200 4937 si

723 5010 740 5043 ¹
764 5004 998 5068 loseph„
1024 5004 1085 5054 de
1110 5001 1241 5055 Bell.
1268 5000 1481 5059 lactant„
1506 4999 1593 5051 lib.
1620 5001 1711 5063 vt,
1734 5014 1781 5051 c.
1807 5011 1903 5063 111,
1925 5000 1986 5050 de
2010 5000 2199 5052 abscis-

661 5080 730 5131 sis
768 5077 1007 5129 manibus
1019 5091 1038 5141 ς
1067 5075 1132 5127 de
1167 5087 1383 5126 numero
1411 5075 1584 5124 autem
1611 5071 1926 5136 occisorum,
1964 5073 2054 5123 lib.
2088 5074 2199 5138 vn,

662 5166 709 5202 c.
748 5160 879 5200 xvn.
916 5174 972 5186 -
1022 5149 1046 5182 ²
1084 5147 1260 5207 lavit„
1301 5156 1443 5209 xvn,
1487 5146 1563 5193 Η.
1591 5170 1655 5181 -
1689 5144 1712 5179 ⁸
1750 5144 1926 5205 Arist„
1966 5144 2027 5193 de
2069 5146 2198 5198 nist.

662 5220 896 5282 animal„
937 5218 1026 5271 lib.
1072 5219 1168 5283 ΙΙΙ,
1203 5232 1250 5268 c.
1300 5228 1422 5279 xlx,
1457 5230 1569 5280 par.
1613 5220 1660 5266 5.
1687 5242 1750 5255 -
1785 5216 1803 5247 ⁴
1839 5216 2202 5268 Constantinus

664 5292 923 5356 medicus,
955 5291 1010 5342 in
1042 5289 1331 5350 Panteclm„
1375 5288 1463 5338 lib.
1529 5289 1601 5350 ΙΙ,
1650 5302 1695 5338 c.
1742 5299 1848 5350 xxv,
1886 5292 1937 5337 et
1981 5287 2070 5337 lib.
2113 5290 2202 5349 xl,

666 5379 712 5415 c.
756 5375 863 5417 xvi.
906 5364 1000 5416 Hic
1039 5362 1133 5415 ruit
1170 5360 1356 5415 deinde
1395 5358 1678 5413 monachus
1722 5359 2101 5413 Benedictinus.
2142 5387 2196 5398 -

1605 424 2023 493 ssnuonss
2067 401 2167 489 ns
2209 417 2556 489 smmis.
2600 416 2863 487 mlx.

2274 558 2340 616 in
2368 555 2740 617 comedendo
2766 555 3036 616 nesciens
3061 555 3401 625 excesseriS‚
3430 569 3645 615 evome
3662 556 3819 630 quod

2275 651 2529 711 nimium
2569 651 2894 730 comedisti.
2937 654 3088 711 Nam
3128 654 3185 709 et
3208 650 3305 709 leo
3342 649 3463 708 hoc
3497 647 3670 720 tacit,
3693 666 3821 709 cum

2276 745 2455 805 nimis
2482 745 2619 804 cibo
2650 748 2963 818 gravatum
2998 761 3061 804 se
3105 744 3297 804 sentit.
3350 747 3429 803 De
3466 744 3820 802 abstinentiis

2277 844 2618 901 sanctorum
2646 843 2885 899 Patrum
2927 843 3066 899 sunt
3100 838 3376 914 exempla
3426 838 3823 898 innumerabi-

2278 937 2393 1011 lia3
2416 936 2542 1009 sed,
2573 935 2717 1010 quia
2742 936 2945 996 multis
2971 939 3137 1010 nota,
3162 951 3287 995 non
3316 934 3580 994 arbitror
3602 934 3701 992 hic
3722 950 3825 1010 po·

2278 1031 2500 1103 nenda,
2524 1032 2637 1089 etc.

2597 1227 2716 1304 DE
2782 1226 2846 1307 S.
2909 1227 3509 1303 LAUREN'I'IO.

2749 1383 3007 1445 SERMO
3050 1383 3362 1446 PRIMUS.

2352 1503 2607 1560 Probavit
2634 1518 2714 1560 me
2734 1504 2899 1574 quasi
2926 1519 3142 1575 aurum,
3172 1504 3318 1576 quod
3349 1519 3451 1577 per
3477 1508 3662 1576 ianm
3684 1510 3827 1562 trun-
3848 1525 3998 1579 sm

2280 1599 2355 1655 sit
2385 1596 2444 1650 ¹⁰.
2477 1595 2659 1654 Valde
2688 1596 2843 1655 bene
2871 1601 2929 1656 et
2954 1598 3370 1656 convenienter
3388 1598 3583 1655 modo
3609 1602 3674 1656 B.
3692 1601 3831 1657 Lau-
3848 1586 3995 1655 ³¹²¹ss

2280 1689 2503 1748 rentius
2530 1689 2795 1762 signatur
2830 1690 2894 1747 in
2935 1706 3085 1750 auro
3127 1691 3280 1765 ignis
3322 1692 3595 1750 maximo
3636 1692 3829 1751 calore
3852 1660 3999 1754 5⁵1:-
4056 1718 4059 1761 !

2280 1783 2557 1859 probato.
2587 1785 2734 1841 Nam
2761 1787 2989 1844 constat
3016 1785 3182 1859 quod
3220 1801 3370 1843 auro
3408 1785 3563 1844 nihil
3588 1789 3679 1843 est
3706 1787 3831 1861 pul-
3849 1776 3997 1890 ff*

2284 1877 2503 1936 chrius.
2532 1881 2686 1937 lnter
2712 1893 2920 1937 omnes
2965 1877 3129 1937 enim
3168 1877 3391 1938 formas
3444 1879 3828 1954 picturarum,

2285 1971 2413 2029 auri
2439 1970 2821 2046 pulchritudo
2836 1970 3065 2030 obtinet
3086 1972 3525 2048 principatum3
3560 1974 3684 2032 imo
3702 1974 3830 2049 pul-

2286 2064 2559 2123 chritudo
2587 2065 2717 2123 auri
2743 2064 2926 2123 decor
2952 2069 3039 2123 est
3064 2065 3447 2124 metallorum
3477 2067 3755 2125 omnium
3779 2070 3832 2124 et

2287 2159 2577 2218 colorum.
2603 2159 2694 2218 Sic
2722 2163 2778 2218 et
2804 2163 2877 2225 B.
2894 2159 3189 2219 Laurentii
3226 2160 3616 2235 pulchritudo
3641 2161 3752 2219 fuit
3774 2161 3834 2218 in

2286 2272 2396 2314 suo
2425 2261 2689 2331 tempore
2712 2256 2892 2315 totius
2919 2257 3207 2329 Ecclesiae,
3225 2261 3469 2333 propter
3488 2257 3836 2327 maximam,

2288 2365 2473 2423 quam
2498 2349 2726 2424 habuit,
2752 2350 3138 2411 honestatem.
3169 2354 3311 2411 Item
3337 2368 3487 2411 auro
3516 2352 3675 2410 nihil
3703 2352 3836 2410 duc-

2287 2443 2445 2501 tilius
2476 2462 2491 2502 :
2523 2459 2663 2501 nam
2692 2448 2817 2503 tam
2861 2445 3080 2504 ductile
3125 2448 3245 2518 est,
3292 2445 3463 2521 quod
3498 2446 3657 2504 inter
3682 2445 3839 2505 incu-

2291 2536 2430 2595 dem
2448 2540 2507 2595 et
2530 2538 2814 2597 malleum
2843 2539 2970 2597 sine
2998 2538 3396 2614 corruptione,
3424 2539 3555 2599 sine
3584 2540 3839 2614 partium

2288 2630 2616 2703 divisione,
2673 2632 2737 2689 in
2790 2633 3162 2692 tenuissimas
3214 2633 3470 2692 laminas
3526 2633 3835 2706 dilatatur;

2290 2724 2413 2782 imo
2427 2767 2447 2797 ,
2476 2729 2543 2783 ut
2577 2724 2792 2784 dicitur
2810 2769 2830 2798 ,
2870 2725 2953 2784 ad
2989 2726 3243 2785 modum
3266 2729 3449 2801 pastoe
3469 2726 3536 2783 in
3565 2727 3839 2786 manibus

2289 2821 2536 2890 tenetur,
2576 2825 2634 2878 et
2679 2836 2761 2888 ex,
2797 2836 2870 2879 eo
2905 2835 3018 2895 pro
3057 2819 3361 2879 voluntate
3403 2820 3691 2880 universa
3724 2821 3841 2879 ior-

2290 2916 2549 2971 mantur.
2601 2913 2693 2972 Sic
2733 2917 2792 2972 et
2836 2916 2898 2972 B.
2946 2913 3289 2972 Laurentius
3335 2913 3420 2972 sic
3470 2930 3711 2989 semper
3740 2930 3842 2988 per

2292 3007 2694 3067 obedientiam
2728 3007 2963 3065 ductilis
3010 3006 3150 3079 fuit,
3196 3007 3366 3082 quod
3415 3007 3492 3066 de
3537 3009 3845 3084 praeceptis

2291 3104 2590 3177 majorum
2616 3102 2765 3160 nihil
2792 3117 3062 3178 unquam
3080 3101 3298 3160 omisit.
3321 3102 3843 3178 Undepecuniam,

2293 3196 2408 3254 sibi
2435 3212 2473 3255 a
2496 3198 2654 3270 Papa
2682 3195 3010 3267 dimissam,
3038 3196 3230 3256 statim
3247 3196 3477 3271 absque
3502 3200 3681 3256 mora
3692 3215 3845 3274 pau-

2293 3289 2542 3364 peribus
2569 3289 2866 3348 distribuit
2892 3291 2954 3347 ¹².
2985 3292 3129 3348 ltem
3155 3304 3302 3348 auro
3330 3290 3484 3347 nihil
3516 3290 3768 3350 solidius
3790 3297 3851 3353 et

2294 3382 2656 3457 compactius
2684 3401 2698 3441 τ
2729 3383 2923 3453 unde,
2964 3383 3014 3440 si
3040 3382 3194 3441 illud
3237 3383 3532 3457 inignem
3568 3392 3845 3460 ponatur,

2294 3493 2419 3537 non
2450 3482 2752 3552 evaporat.
2800 3477 3082 3548 Ulterius,
3124 3477 3176 3535 si
3220 3476 3285 3535 in
3328 3479 3534 3552 ignem
3568 3484 3849 3555 ponatur,

2294 3586 2422 3630 non
2447 3570 2815 3630 consumitur
2832 3612 2852 3642 ,
2880 3571 3075 3629 necin
3101 3570 3372 3647 pondere
3401 3588 3513 3630 suo
3542 3572 3851 3646 minuitur,

2297 3665 2405 3724 sed
2429 3665 2643 3724 ardore
2672 3663 2885 3723 caloris
2925 3663 3287 3724 dissolvitur.
3319 3665 3468 3737 Sed,
3496 3665 3548 3723 si
3574 3666 3727 3741 quid
3752 3667 3857 3725 ha-

2299 3761 2401 3819 bet
2426 3760 2780 3836 impuritatis
2809 3775 3143 3832 annexum,
3169 3759 3365 3818 solum
3393 3760 3473 3818 ab
3500 3760 3611 3818 illo
3636 3777 3857 3835 purga-

2300 3856 2415 3928 tur,
2446 3854 2611 3913 etsie
2637 3853 2938 3927 fulgidum
2967 3853 3256 3912 redditur.
3306 3853 3399 3911 Sic
3425 3857 3485 3911 et
3504 3856 3565 3911 Β.
3594 3856 3857 3912 Lauren-

2299 3949 2435 4021 tius,
2464 3950 2527 4007 in
2546 3949 2685 4022 igne
2720 3947 2975 4022 positus,
3011 3946 3313 4022 corrumpi
3339 3963 3467 4005 non
3486 3948 3680 4020 potuit
3697 3968 3718 4021 3
3748 3949 3860 4008 sed

2302 4041 2601 4117 quidquid
2643 4042 2706 4099 in
2741 4057 2815 4099 eo
2861 4042 2986 4099 erat
3021 4039 3212 4115 culpae
3244 4041 3519 4112 venialis,
3547 4044 3745 4100 toturn
3772 4043 3861 4101 ibi

2304 4135 2546 4207 dimisit,
2576 4139 2633 4193 et
2652 4134 2737 4193 sic
2763 4134 3028 4208 fulgidus
3055 4137 3209 4192 totus
3234 4134 3434 4192 exivit.
3466 4137 3611 4193 ltem
3635 4152 3859 4194 aurum

2302 4245 2649 4304 percussum
2674 4244 2797 4286 non
2834 4227 3032 4286 reddit
3058 4243 3274 4286 sonum
3314 4229 3467 4287 sicut
3492 4246 3573 4286 aes
3586 4271 3609 4301 ,
3634 4229 3739 4288 vel
3762 4247 3858 4288 ar-

2304 4327 2586 4397 gentum;
2615 4336 2727 4379 nec
2756 4325 2988 4396 crepat,
3016 4321 3112 4378 vel
3144 4320 3457 4396 scinditur3
3486 4321 3594 4380 sed
3630 4323 3859 4397 solum,

2306 4415 2454 4473 dum
2488 4414 2813 4490 percutitur
2831 4455 2853 4486 ,
2898 4414 3177 4472 dilatatur
3216 4433 3232 4472 ε
3261 4415 3346 4471 sic
3390 4418 3450 4473 Β.
3489 4417 3861 4489 Laurentius,

2303 4508 2504 4567 verbis
2530 4508 2757 4566 attritus
2781 4510 2839 4566 et
2864 4506 3058 4578 factiS‚
3089 4506 3321 4565 nullum
3349 4507 3734 4583 impatientiae
3758 4526 3860 4569 so·

2306 4619 2452 4661 num
2469 4601 2656 4675 dedit,
2681 4617 2803 4660 non
2831 4617 2938 4676 per
2966 4600 3174 4658 odium
3198 4600 3411 4659 scissus
3436 4601 3568 4675 fuit,
3598 4603 3699 4661 vel
3725 4620 3861 4662 cre·

2306 4695 2468 4771 puit,
2497 4695 2606 4754 sed
2655 4695 2730 4753 ad
2775 4694 3046 4753 inimicos
3088 4694 3169 4753 ad
3220 4696 3516 4769 majorem
3547 4695 3865 4756 flammam

2309 4790 2543 4850 exarsit.
2576 4792 2721 4849 ltem
2760 4789 2909 4848 nihil
2935 4805 3080 4848 auro
3112 4791 3200 4847 est
3222 4788 3469 4864 purius3
3512 4806 3637 4849 non
3673 4792 3867 4864 enim,

2309 4883 2521 4942 utalia
2554 4881 2831 4956 metalla,
2870 4881 3215 4956 rubiginem
3256 4883 3551 4943 contrahit
3584 4900 3621 4943 a
3654 4889 3821 4945 terra
3846 4906 3865 4942 ε

2309 5006 2332 5041 ⁸
2358 5004 2531 5067 Arist,
2563 5003 2623 5053 de
2656 5003 2788 5054 His-t.
2813 5001 3045 5066 animal„
3068 5002 3156 5055 lib.
3195 5003 3293 5068 ΙΙΙ,
3315 5018 3361 5055 c.
3392 5017 3534 5065 xvir,
3572 5020 3681 5071 par.
3714 5010 3765 5056 5.
3807 5033 3872 5045 —

2310 5078 2331 5107 ⁶
2389 5075 2619 5140 Hieron„
2664 5079 2801 5126 cont.
2849 5075 3127 5139 savinian„
3176 5073 3267 5125 lib.
3328 5078 3369 5126 ΙΙ
3387 5113 3404 5140 ,
3458 5081 3578 5128 ante
3630 5079 3775 5129 med.
3808 5104 3875 5117 —

2310 5149 2326 5179 ²
2360 5146 2532 5211 Arist„
2576 5146 2638 5197 de
2678 5146 2908 5199 Gener-at.
2943 5146 3176 5204 animal..
3212 5147 3302 5198 lib.
3342 5148 3393 5211 l,
3430 5163 3480 5201 c.
3512 5161 3642 5200 xvm
3670 5154 3727 5201 et
3750 5162 3877 5214 ιιι,

2310 5232 2421 5282 par.
2459 5221 2508 5269 6.
2538 5244 2599 5257 -
2631 5217 2654 5253 ⁸
2692 5219 2932 5284 Hippos„
2969 5219 3056 5270 lib.
3085 5219 3145 5268 de
3189 5219 3445 5286 Stet-ilie„
3473 5227 3593 5286 post
3631 5223 3775 5274 med.
3808 5248 3877 5261 -

2309 5289 2541 5412 ἶυΕἶοίίἾ
2576 5300 2734 5351 xxxi,
2767 5294 2846 5341 25.
2876 5316 2939 5331 -
2972 5292 3016 5329 ¹⁰
3050 5287 3163 5344 lob,
3197 5301 3360 5356 xxm,
3391 5296 3468 5344 ¹0.
3495 5318 3558 5333 —
3587 5293 3625 5329 ¹¹
3656 5293 3875 5357 Sarius,

2444 5374 2529 5426 ug.
