4059 6317
955 535 1337 604 DomNICA
1377 533 1459 602 IV
1504 535 1701 603 POST
1748 531 2328 604 PENTECOSTEN.
2374 535 2640 607 SERMO
2682 535 2790 605 ΙΙΙ.

275 661 456 736 tanta
478 672 667 738 unio!
698 671 1037 738 Anselmus
1062 674 1084 710 ¹
1134 690 1152 738 ι
1191 694 1225 736 α
1265 673 1341 737 In
1384 671 1495 737 illa
1538 674 1817 759 perfecta

3355 539 3471 604 347

1926 677 1990 738 et
2013 672 2334 756 significat
2359 674 2709 758 quemlibet
2733 672 3143 756 homicidam,
3164 679 3230 740 et
3254 693 3473 758 quem-

275 778 587 844 cbaritate
612 779 1171 846 innumerabilium
1200 779 1586 862 angelorum
1611 785 1677 846 et
1703 781 1821 846 ho-
1923 779 2082 845 libet
2104 781 2365 846 consilio
2379 829 2397 861 ,
2427 782 2532 847 vel
2559 782 2723 848 facto
2771 782 3145 848 fundentem
3196 782 3466 863 sangui-

275 888 553 969 minum,
571 888 687 954 ubi
715 889 930 954 nullus
954 889 1162 970 diligit
1188 888 1388 953 alium
1408 888 1594 954 aliter
1617 907 1818 973 quam

275 995 557 1079 seipsum
575 1045 593 1076 ,
641 1016 757 1062 nec
800 997 984 1062 aliter
1026 996 1332 1079 gaudebit
1379 998 1655 1081 quisque
1700 1017 1817 1081 pro

275 1104 553 1187 singulis
577 1124 772 1190 quam
799 1124 917 1189 pro
944 1107 1172 1189 seipso.
1198 1129 1229 1168 ι
1261 1105 1575 1172 Omnibus
1597 1109 1816 1172 autem

273 1212 471 1277 stellis
496 1212 804 1278 Dominus
828 1212 1093 1278 nomina
1117 1218 1322 1292 vocat,
1342 1213 1495 1297 quia
1520 1214 1814 1279 nomina·

272 1321 393 1385 tim
459 1322 750 1387 omnium
806 1323 1173 1386 sanctorum
1243 1322 1535 1387 notitiam
1594 1322 1811 1388 habet.

272 1431 301 1466 ⁸
334 1454 365 1491 α
393 1430 693 1507 Gaudete,
721 1429 1029 1513 quoniam
1055 1430 1318 1495 nomina
1346 1434 1558 1496 vestra
1582 1431 1819 1514 scripta

275 1543 427 1603 sunt
458 1538 528 1603 in
552 1538 724 1602 coelis
744 1585 766 1618 ,
807 1560 839 1598 n
886 1541 1007 1604 etc.
1054 1537 1104 1603 E
1146 1539 1468 1604 contrario
1508 1540 1816 1606 Dominus

273 1662 408 1709 non
433 1648 619 1709 vocat
657 1647 919 1711 nomina
961 1645 1315 1729 impiorum
1359 1646 1811 1730 approband03

276 1751 616 1818 Psalmista
654 1752 677 1788 ⁸
712 1773 728 1816 ε
787 1776 818 1816 ι
856 1750 984 1818 Nec
1024 1770 1275 1819 memor
1317 1771 1428 1818 ero
1471 1754 1817 1821 nominum

276 1876 539 1940 eorum,
573 1882 604 1920 n
643 1863 764 1926 etc.
798 1859 979 1926 Patet
1016 1860 1140 1924 hoc
1182 1860 1253 1923 in
1298 1859 1531 1925 Lazaro
1554 1908 1572 1940 ,
1622 1880 1816 1945 quem

274 1966 654 2047 nominavit,
678 1967 824 2031 etin
840 1967 1037 2032 divite
1054 1967 1097 2047 ⁴,
1123 1968 1313 2050 cujus
1329 1985 1570 2033 nomen
1593 1970 1813 2035 tacuit.

274 2073 459 2139 Multi
487 2092 647 2156 ergo
673 2092 789 2158 per
811 2073 1220 2159 tyrannidem
1238 2122 1257 2153 ,
1286 2076 1351 2139 et
1375 2075 1681 2141 malitiam
1703 2126 1722 2157 ,
1756 2081 1819 2143 et

274 2183 624 2247 vanitatem
649 2183 1045 2249 vocaverunt
1071 2181 1333 2246 nomina
1358 2199 1475 2246 sua
1502 2184 1574 2247 in
1605 2184 1811 2265 terris,

273 2307 555 2373 qnorum
584 2289 846 2354 nomina
870 2289 1071 2354 deleta
1098 2292 1249 2353 sunt
1288 2289 1358 2353 in
1397 2289 1593 2355 coelis.
1645 2291 1819 2357 Psal-

274 2417 422 2463 mus
449 2398 473 2434 ⁸
513 2420 531 2462 ι
586 2419 617 2458 α
660 2395 935 2462 Nomina
973 2414 1200 2462 eorum
1244 2397 1461 2463 delesti
1513 2399 1583 2463 in
1626 2405 1813 2466 aeter-

269 2525 458 2572 num.
490 2528 522 2567 ι»

352 2614 440 2681 De
465 2616 696 2698 quarto
726 2613 815 2678 ibi
842 2614 866 2649 ⁸
896 2634 912 2677 ε
949 2634 981 2674 α
1008 2612 1231 2692 Assur,
1260 2617 1323 2679 et
1353 2614 1565 2680 omnis
1592 2615 1812 2680 multi-

270 2722 425 2788 tudo
452 2724 593 2806 ejus
626 2743 643 2786 z
678 2743 710 2782 n
746 2721 858 2785 ubi
897 2722 1299 2788 enumeravit
1336 2723 1650 2806 propheta
1682 2724 1817 2789 des·

270 2828 609 2894 oendentoe
635 2828 715 2893 ad
738 2833 977 2893 terram
1004 2827 1299 2893 ultimam
1316 2875 1336 2907 ,
1369 2829 1435 2894 id
1465 2834 1580 2911 est,
1611 2830 1691 2895 ad
1717 2831 1811 2896 lo-

270 2955 419 3003 cum
446 2936 701 3017 inferni,
732 2935 948 3001 dicens
976 2936 1149 3018 quod
1176 2936 1265 3001 ibi
1288 2935 1560 3017 Pharao,
1584 2939 1810 3019 Assur,

270 3043 489 3123 Elam,
536 3043 804 3123 Mossot,
826 3041 1078 3122 -Tubal,
1128 3041 1450 3122 Idumaea,
1504 3048 1567 3108 et
1594 3063 1818 3111 omnes

268 3151 592 3236 principes
617 3151 937 3234 aquilonis
956 3199 976 3228 ,
1005 3154 1070 3213 et
1112 3167 1336 3216 omnes
1373 3151 1819 3218 multitudines

269 3278 521 3326 eorum.
554 3258 801 3324 Pharao
837 3258 1156 3343 deneqans
1187 3306 1205 3338 ,
1233 3263 1297 3324 et
1339 3259 1677 3344 dissipans
1705 3263 1817 3327 in-

269 3371 681 3452 terpretatur,
709 3370 775 3431 et
797 3367 1122 3449 significat
1145 3367 1544 3446 haereticum,
1564 3369 1680 3452 qui
1711 3387 1820 3434 ve-

268 3477 528 3541 ritatem
550 3476 753 3556 negat
770 3522 789 3554 ,
820 3478 885 3539 et
928 3474 1148 3540 fideles
1175 3474 1456 3558 dissipat.
1493 3477 1696 3542 Assur
1721 3477 1820 3541 in-

270 3586 659 3667 terpretatur
682 3596 907 3648 nemus
922 3630 940 3662 ,
984 3585 1050 3646 et
1089 3581 1413 3664 significat
1456 3583 1816 3649 cumulato-

270 3709 416 3757 rem
431 3693 858 3773 peccatorum,
872 3687 986 3771 qui
1003 3688 1331 3753 abundant
1343 3692 1633 3773 peccatis,
1651 3693 1816 3760 sicut

269 3816 504 3864 nemus
528 3796 752 3878 lignis.
798 3795 977 3860 Sicut
1018 3814 1246 3861 nemus
1293 3798 1680 3865 horribiliter
1711 3819 1815 3865 ar-

270 3907 401 3985 det,
430 3905 520 3969 sic
547 3904 689 3970 talis
715 3905 1006 3987 peccator
1026 3903 1099 3967 in
1123 3903 1398 3970 inferno.
1425 3904 1608 3970 Elam
1627 3908 1820 3973 inter-

271 4016 559 4096 pretatur
585 4011 1093 4094 superliminare.
1127 4009 1374 4076 Ostium
1416 4020 1634 4080 autem
1678 4015 1818 4081 dia-

270 4121 408 4185 boli
453 4122 518 4183 in
546 4120 869 4184 infernum
912 4118 1178 4183 luxuria
1227 4121 1362 4197 est,
1393 4124 1579 4205 quus
1618 4123 1819 4189 limen

270 4231 371 4294 est
398 4225 670 4310 simplex
691 4226 1023 4291 fornicatio
1037 4275 1054 4308 ,
1086 4229 1301 4308 postes
1324 4231 1542 4292 autem
1579 4229 1726 4294 adul
1734 4236 1820 4295 te-

268 4335 474 4411 rium,
509 4332 993 4417 superliminare
1029 4339 1357 4417 peccatum
1386 4337 1607 4401 contra
1631 4342 1818 4405 natu-

268 4460 440 4508 ram.
472 4441 707 4507 Mossot
732 4441 1188 4524 interpretatur
1210 4446 1496 4526 capiens,
1527 4449 1591 4510 et
1616 4446 1821 4529 signi-

268 4551 426 4616 ficat
459 4550 860 4632 deceptorem
899 4548 1267 4614 animarum
1287 4600 1305 4631 ‚
1355 4552 1521 4617 sicut
1571 4554 1818 4621 malum

270 4657 732 4734 consiliarium,
761 4654 866 4722 vel
895 4656 1316 4737 meretricem,
1336 4663 1400 4724 et
1419 4658 1816 4744 hujusmodi,

269 4764 389 4847 qui
442 4763 701 4846 capiunt
763 4761 1033 4826 animas.
1106 4761 1310 4828 Tubal
1367 4765 1820 4851 interpretatur

271 4870 597 4950 ἀεεθτεηε,
628 4873 691 4934 et
716 4868 1037 4951 significat
1063 4874 1439 4955 apostatam,
1466 4875 1573 4940 vel
1597 4893 1822 4959 quem-

269 4978 431 5043 libet
458 4978 843 5043 desertorem
879 4976 1028 5042 fidei
1051 5025 1069 5055 ,
1117 4980 1526 5061 professionis
1547 5030 1565 5061 ,
1596 4987 1660 5048 et
1698 4984 1818 5049 hu·

261 5084 577 5170 jusmodi.
610 5083 889 5150 Idumaea
923 5085 1373 5168 interpretatur
1416 5092 1817 5175 sanguinea,

342 5243 1821 5316 ¹Ansehn„ueait.,1¹1,pag.243‚c01.818.—²Luc.,

322 5322 447 5384 ,20.
478 5345 542 5357 -
576 5283 1823 5385 ⁸’Psa1.xv,4.—⁴Luc.,xv1,19.—⁸Psat.

274 5405 362 5456 rx,
402 5393 452 5441 6.
495 5415 560 5429 -
604 5389 862 5450 ‘Ezech.,
899 5400 1082 5454 xxm,
1119 5394 1198 5443 22.
1236 5392 1529 5458 —7Luc.,
1564 5408 1613 5462 v,
1656 5402 1733 5450 lo
1762 5427 1818 5438 ..-

273 5461 453 5513 Pal
485 5462 857 5525 nv1114.⁸—
887 5462 1152 5525 Ia.,v111,
1190 5467 1422 5515 15.--¹·
1451 5467 1620 5528 Pron..
1658 5480 1711 5532 v,
1739 5473 1819 5523 22.

272 5534 404 5575 —¹²
440 5538 578 5602 Aug.
605 5533 735 5573 -12
768 5533 967 5599 Taren„
994 5546 1077 5601 ιιι,
1107 5539 1187 5588 52.
1218 5562 1281 5578 -
1320 5538 1357 5575 ¹¹
1391 5538 1818 5608 Ezecta„x1x,³.

1926 906 2077 953 nem
2121 888 2509 954 humanum.
2557 888 2882 972 Principes
2921 889 3237 972 aquilonis
3279 892 3468 968 sunt,

1924 998 2041 1080 qui
2091 997 2160 1061 in
2211 998 2512 1063 omnibus
2557 999 2906 1081 generibus
2954 998 3266 1063 vitiorum
3315 1001 3468 1064 sunt

1924 1104 2324 1170 excellentes.

2471 1275 2763 1346 SERMO
2808 1275 2927 1346 111.

2002 1426 2112 1492 Ex
2147 1427 2261 1494 hoc
2286 1427 2431 1510 ,iam
2464 1431 2593 1496 eris
2627 1429 2912 1497 homines
2948 1428 3208 1511 capiens
3247 1428 3294 1492 ⁷.
3337 1425 3470 1492 Uti-

1923 1552 2077 1599 nam
2120 1552 2244 1617 ego
2280 1535 2474 1601 miser
2515 1540 2807 1619 peccator
2859 1536 3062 1601 hodie*
3088 1553 3297 1601 unum
3346 1535 3474 1618 pis-

1925 1641 2229 1723 ciculum,
2263 1661 2471 1708 unum
2497 1643 2824 1709 hominem
2854 1643 3124 1707 Domino
3153 1659 3296 1707 meo
3317 1645 3468 1707 Jesu

1924 1750 2175 1817 Christo
2202 1770 2426 1836 capere
2463 1753 2752 1836 possem!
2786 1751 3322 1817 Considerandum
3351 1768 3473 1814 au-

1921 1861 2080 1940 tem,
2116 1860 2291 1944 quod
2327 1860 2671 1943 capiuntur
2698 1859 2878 1925 homi
2889 1876 2998 1923 nes
3024 1877 3064 1923 a
3088 1857 3340 1923 diabolo
3358 1905 3382 1938 ,
3430 1874 3472 1919 a

1923 1966 2220 2051 proximo
2243 2016 2262 2046 ,
2291 1986 2331 2032 a
2355 1967 2508 2032 De0.

2004 2074 2094 2140 De
2119 2076 2349 2158 prime,
2385 2074 2672 2139 Psalmus
2690 2074 2714 2110 ⁸
2741 2096 2757 2140 z
2797 2096 2828 2135 α
2850 2073 3165 2158 Ceperunt
3185 2072 3471 2138 animam

1924 2200 2159 2248 meam.
2196 2204 2227 2243 n
2255 2180 2417 2247 Nota
2457 2182 2625 2263 quod
2653 2184 2937 2265 capturae
2977 2182 3145 2246 flunt
3184 2181 3467 2259 retibus,

1922 2290 2222 2355 dentibus
2240 2335 2263 2368 ,
2292 2289 2612 2354 manibus.
2645 2288 2754 2354 Sic
2793 2288 3083 2354 diabolus
3132 2287 3300 2371 capit
3345 2288 3467 2352 ho-

1925 2398 2133 2462 mines
2158 2398 2420 2478 retibus,
2452 2395 2556 2461 vel
2600 2396 2847 2480 laqueis
2872 2397 3189 2461 malarum
3221 2396 3468 2478 cogita-

1921 2506 2194 2570 tionum.
2228 2506 2251 2542 ⁹
2285 2528 2318 2567 α
2348 2505 2747 2584 lrretientur,
2777 2508 2842 2569 et
2866 2504 3219 2587 capientur.
3242 2525 3275 2564 n
3312 2503 3472 2567 Irre-

1922 2614 2081 2677 titur
2095 2613 2292 2678 homo
2313 2612 2831 2695 cogitationibus,
2851 2611 3107 2694 capitur
3129 2628 3468 2676 consensu.

1926 2722 1973 2763 ¹⁰
2007 2744 2040 2782 α
2070 2720 2435 2804 Iniquitates
2475 2737 2611 2784 suae
2645 2719 2905 2802 capiunt
2931 2719 3203 2804 impium
3223 2766 3245 2799 ,
3281 2739 3310 2780 ο
3345 2721 3465 2784 etc.

1925 2825 2103 2893 Unde
2148 2829 2312 2892 sicut
2355 2827 2590 2912 pisces,
2624 2831 2690 2892 et
2726 2845 2877 2892 aves
2895 2874 2912 2903 ,
2961 2830 3025 2892 et
3068 2844 3282 2890 mures
3327 2843 3466 2890 esca

1922 2934 2366 3018 decipiuntur,
2400 2939 2475 2999 ut
2516 2934 2885 3017 capiantur,
2926 2933 3019 2998 sic
3065 2933 3284 2998 anima
3326 2951 3472 2999 esca

1922 3045 2367 3128 voluptatum,
2415 3043 2521 3111 vel
2546 3061 2765 3109 rerum
2805 3043 3283 3127 temporalium.
3329 3045 3468 3109 Au-

1924 3156 2227 3236 gustinus
2253 3157 2297 3194 ¹¹
2330 3176 2346 3220 ε
2388 3178 2420 3218 α
2446 3152 2569 3218 Res
2606 3171 2753 3218 cum
2783 3152 2883 3217 vis
2909 3170 3131 3235 capere
3152 3201 3169 3233 ,
3206 3151 3377 3234 peris
3401 3151 3471 3216 in

1926 3262 2321 3345 muscipula;
2350 3280 2501 3327 cum
2532 3261 2704 3326 enim
2733 3263 2910 3324 tenes
2936 3259 3218 3324 alienum
3241 3308 3259 3340 ,
3291 3263 3472 3325 tene-

1926 3370 2016 3434 ris
2043 3387 2083 3433 a
2115 3369 2388 3435 diabolo.
2419 3390 2451 3428 n
2505 3367 2554 3432 Ο
2602 3385 2801 3450 quam
2829 3367 3090 3432 hostiles
3136 3371 3472 3434 venatores

1926 3480 2082 3541 sunt
2115 3476 2468 3542 daemonesl
2505 3476 2549 3511 ¹¹
2580 3499 2612 3536 α
2636 3473 2990 3540 venatione
3015 3478 3323 3559 oeperunt
3365 3493 3470 3540 me

1926 3585 2110 3669 quasi
2139 3601 2327 3649 avem
2356 3582 2601 3648 inimici
2628 3581 2755 3646 mei
2790 3582 3016 3664 gratis.
3052 3602 3086 3640 n
3124 3582 3283 3647 ltem
3309 3582 3468 3647 den-

1926 3692 2099 3757 tibus
2127 3691 2442 3756 malarum
2473 3688 2895 3769 locutionum,
2926 3690 3094 3755 sicut
3122 3689 3336 3772 lupus,
3364 3690 3470 3756 vel

1926 3800 2028 3864 leo
2056 3798 2361 3882 praedam.
2384 3799 2429 3836 ¹⁸
2466 3821 2498 3860 c
2524 3798 2652 3862 Leo
2671 3798 2871 3863 factus
2896 3802 3012 3877 est,
3037 3801 3102 3863 et
3125 3797 3342 3864 didicit
3357 3816 3467 3863 ca-

1927 3926 2079 3992 pere
2105 3908 2413 3991 praedam,
2446 3906 2868 3990 hominesque
2893 3907 3222 3971 devorare.
3246 3927 3277 3966 n
3307 3904 3472 3984 Quid

1930 4018 2110 4082 enim
2149 4022 2299 4080 sunt
2323 4014 2744 4080 detractiones
2761 4062 2778 4093 ,
2811 4014 3247 4079 contentiones
3263 4061 3281 4093 ,
3312 4032 3469 4097 pro-

1927 4125 2205 4188 ditiones
2233 4124 2337 4207 (a),
2365 4120 2784 4204 blasphemiae
2804 4169 2821 4198 ,
2854 4121 3141 4204 perjuria
3156 4169 3174 4201 ,
3205 4121 3469 4187 menda·

1929 4232 2050 4311 cia,
2080 4236 2145 4296 et
2169 4231 2373 4296 verba
2395 4228 2733 4294 luxuriosa
2748 4275 2765 4308 ,
2796 4228 2921 4292 nisi
2948 4226 3168 4293 dentes
3192 4228 3472 4294 diaboli?

1932 4340 2222 4405 Psalmus
2247 4338 2293 4375 ¹⁸
2324 4357 2342 4401 ε
2384 4361 2415 4399 α
2439 4336 2819 4402 Benedictus
2843 4336 3169 4417 Dominus,
3201 4337 3314 4420 qui
3339 4355 3473 4403 non

1929 4447 2101 4512 dedit
2128 4464 2246 4511 nos
2269 4445 2341 4510 in
2368 4447 2744 4528 captionem,
2769 4465 2799 4504 n
2822 4446 2944 4508 etc.
2970 4442 3179 4526 Magis
3199 4444 3475 4509 deflendi

1929 4560 2115 4635 sunt,
2141 4556 2253 4638 qui
2283 4573 2322 4618 a
2360 4553 2648 4631 diabole,
2696 4569 2897 4636 quam
2940 4551 3054 4635 qui
3096 4570 3137 4615 a
3173 4551 3327 4636 lupo
3374 4569 3475 4616 ra-

1927 4665 2218 4747 piuntur.
2251 4663 2298 4701 ¹⁸
2335 4683 2367 4722 ιι
2394 4661 2665 4726 Deducet
2691 4659 2918 4725 oculus
2943 4677 3126 4724 meus
3168 4658 3244 4742 (b)
3273 4660 3477 4743 lacry-

1932 4788 2131 4849 mam,
2164 4768 2319 4852 quia
2344 4773 2565 4851 captus
2593 4771 2690 4833 est
2732 4785 2895 4849 grex
2940 4766 3214 4832 Domini.
3244 4789 3276 4827 υ
3319 4771 3475 4830 item

1931 4879 2272 4962 capiuntur
2290 4876 2588 4941 manibus
2600 4876 2915 4940 malarum
2934 4878 3376 4958 operationum
3392 4875 3471 4940 ¹⁶:

1942 5010 1974 5049 e
1994 4983 2194 5051 Manu
2218 4983 2578 5067 capiemini.
2611 5004 2642 5042 ι»
2674 4982 2796 5060 Qui
2821 4986 3038 5048 autem
3063 4982 3353 5048 viventes
3374 5001 3475 5047 ca·

1932 5094 2202 5178 piuntur
2228 5109 2431 5155 manu
2456 5089 2691 5155 diaboli
2720 5090 2802 5155 ad
2827 5089 3079 5173 culpam
3097 5138 3119 5170 ,
3166 5089 3289 5173 ipsi
3330 5107 3471 5155 mo·

1931 5203 2169 5267 rientes
2213 5199 2549 5283 capientur
2598 5214 2798 5261 manu
2840 5196 3075 5261 diaboli
3116 5196 3197 5263 ad
3234 5198 3476 5280 gehen-

1931 5370 2058 5411 -st
2076 5369 2217 5422 Ptol.
2240 5380 2433 5433 cum,
2454 5371 2501 5420 6.
2521 5392 2584 5406 -
2601 5368 2642 5404 ¹⁸
2659 5367 2862 5429 lev-m„
2886 5379 3004 5431 xm,
3033 5370 3108 5420 17.
3130 5393 3193 5409 —
3212 5370 3258 5406 ¹⁶
3276 5368 3472 5434 Erech..

1933 5454 2048 5509 ιιι,
2072 5447 2153 5495 24.

1996 5543 2067 5610 (a)
2098 5543 2223 5596 θαι.
2250 5540 2370 5596 edu.
2396 5537 2728 5609 proditiones.
2759 5562 2822 5582 -
2847 5537 2916 5606 (ὁ)
2942 5537 3015 5596 ia.
