4059 6317
640 477 766 544 m

635 611 851 677 tabilia
873 606 1431 677 bonavictoribus.
1457 628 1489 672 ι
1522 608 1820 677 Libenter
1843 616 2012 678 stare
2038 629 2179 696 pos-

634 735 864 785 sumus
908 717 991 784 ad
1042 716 1471 784 resistendum
1520 718 1794 797 diabolo,
1839 719 1995 803 quia
2040 719 2176 803 ipse

633 829 759 890 stat
783 826 863 892 ad
898 825 1416 908 impugnandum
1437 843 1557 891 nos
1581 828 1601 864 ¹
1628 848 1645 893 t
1686 848 1720 887 ι
1750 826 1948 892 Satan
1970 826 2178 891 stabat

632 951 674 999 a
698 934 940 1002 (textus
965 935 1129 1017 eiua,
1159 937 1237 1000 ιιι
1259 934 1704 1000 adversaretur
1728 934 1810 1000 ei.
1841 955 1874 994 n

1190 1113 1480 1186 SERMO
1523 1116 1610 1187 Π.

710 1268 735 1303 ¹
750 1261 935 1340 Deus,
960 1261 1286 1343 propitius
1311 1266 1442 1329 esto
1463 1260 1631 1327 milti
1645 1260 1983 1343 peccatori.
2005 1259 2172 1326 Pro-

628 1368 1024 1451 pitiatiouem
1053 1369 1165 1434 Dei
1191 1372 1480 1433 meretur
1503 1369 1699 1435 homo
1730 1387 1844 1452 per
1867 1372 2168 1452 quatuor,

627 1476 862 1542 scilicet
893 1498 909 1541 ε
948 1495 1065 1561 per
1107 1493 1333 1542 veram
1379 1477 1875 1555 consessionem3
1906 1495 2022 1560 per
2048 1477 2172 1541 fra-

625 1587 876 1650 ternam
901 1584 1459 1664 condonationem
1486 1603 1600 1668 per
1617 1584 1912 1651 devotam
1933 1584 2172 1650 oratio-

625 1708 810 1770 nem;
841 1710 956 1775 per
981 1692 1156 1775 piam
1181 1692 1643 1773 erogationem.

706 1797 795 1864 De
827 1800 1038 1884 primo
1065 1800 1088 1836 ¹
1119 1819 1138 1865 ε
1185 1823 1215 1862 ι
1263 1800 1424 1878 Quia
1459 1819 1698 1883 magna
1739 1801 2170 1867 misericordia

624 1906 758 1987 Dei,
810 1913 876 1973 et
913 1909 1271 1993 propitiatio
1307 1909 1487 2008 illius
1528 1909 2048 1974 convertentibus
2086 1911 2168 1975 ad

623 2033 712 2080 se.
750 2038 782 2078 n
814 2017 881 2081 si
908 2034 1071 2099 ergo
1093 2017 1192 2080 vis
1216 2016 1388 2100 quod
1415 2017 1792 2101 propitietur
1824 2017 1943 2081 tibi
1974 2017 2162 2098 Deus,

622 2126 1010 2191 convertaris
1044 2125 1126 2191 ad
1159 2125 1385 2202 Deum,
1430 2125 1773 2191 revertaris
1810 2144 1850 2190 a
1887 2125 2162 2205 diabolo,

621 2233 1013 2299 convertaris
1040 2233 1120 2298 ad
1145 2232 1435 2312 virtutes,
1453 2232 1794 2297 revertaris
1818 2252 1860 2298 a
1883 2232 2060 2298 vitiis
2087 2238 2111 2273 ⁸
2141 2254 2158 2297 ε

628 2364 663 2403 ι
694 2337 1072 2407 Revertatur
1104 2341 1546 2425 unusquisque
1572 2360 1612 2406 a
1635 2342 1743 2406 via
1771 2341 2067 2425 pessima,
2101 2346 2165 2408 et

618 2449 935 2532 propitius
959 2467 1071 2514 ero
1096 2449 1440 2533 iniquitati,
1470 2452 1535 2514 et
1562 2453 1814 2532 peceato
1845 2466 2093 2528 eornm,
2122 2472 2154 2510 n

620 2560 741 2623 etc.
789 2554 907 2622 Via
952 2557 1297 2640 peccatoris
1340 2555 1508 2620 mala
1546 2560 1662 2635 est,
1709 2557 2163 2623 committendo

618 2662 908 2747 culpam3
937 2665 1140 2748 pejor,
1162 2663 1598 2745 extinguendo
1625 2663 1938 2746 gratiam3
1967 2663 2163 2746 pessi-

618 2788 748 2852 ma,
780 2771 1101 2854 perdendo
1130 2772 1427 2853 gloriam.
1458 2769 1605 2836 ideo
1621 2771 1784 2836 hene
1800 2770 2037 2835 dicitur
2062 2788 2163 2836 su-

616 2895 758 2962 pra,
787 2878 962 2962 quod
986 2894 1224 2961 maana
1241 2884 1338 2946 est
1350 2879 1730 2961 propitiatio
1760 2877 1880 2944 Dei
1904 2892 2164 2944 conver-

618 2984 900 3054 tentibus
940 2986 1030 3053 ad
1072 3001 1163 3052 se.
1208 2985 1443 3068 Magna
1481 3003 1763 3068 namque
1802 2985 2155 3068 tripliciter,

616 3092 909 3158 videlicet
929 3097 960 3156 1
973 3140 989 3157 .
1006 3092 1076 3157 in
1095 3092 1470 3156 remissione
1491 3091 1696 3175 culpae
1718 3113 1737 3170 ;
1766 3089 2056 3158 Psalmns
2083 3095 2105 3131 ⁸
2137 3119 2153 3157 ε

625 3199 789 3277 «Qui
799 3199 1179 3283 propitiatur
1186 3198 1485 3264 omnibus
1498 3199 1941 3282 iniquitatibus
1950 3201 2100 3267 tuiS.
2117 3224 2148 3264 n

614 3306 703 3371 De
738 3306 860 3371 hac
894 3306 1336 3389 propltiatione
1364 3304 1496 3369 noli
1524 3304 1714 3370 stulte
1740 3324 2154 3390 praesumere,

612 3425 822 3493 neque
855 3416 1112 3496 propter
1143 3411 1254 3476 Dei
1298 3429 1602 3492 maguam
1630 3413 2153 3495 misericordiam,

612 3524 793 3585 tuam
832 3519 1270 3604 poenitentiam
1307 3518 1604 3601 negligas
1629 3520 1653 3555 ⁸
1684 3540 1700 3584 ε
1749 3543 1780 3582 α
1819 3520 1906 3586 De
1937 3523 2154 3606 propi-

609 3627 770 3693 tiato
796 3630 1056 3710 peceato
1088 3625 1221 3690 noli
1248 3643 1387 3692 esse
1413 3626 1551 3691 siue
1576 3631 1773 3707 metu,
1803 3649 1835 3688 n
1870 3636 1990 3693 etc.
2021 3630 2154 3697 Ne-

608 3735 731 3799 scis
757 3719 928 3799 enim
955 3733 1010 3797 si
1035 3750 1190 3799 vera
1214 3731 1300 3796 sit
1314 3735 1431 3799 tua
1447 3734 1802 3816 conversio,
1827 3735 1882 3798 si
1901 3742 2155 3822 accepta

608 3833 1089 3905 Deosatistaetio
1103 3843 1233 3904 tna.
1255 3838 1540 3905 Isidorus
1563 3846 1587 3882 ⁷
1618 3863 1633 3903 ε
1666 3841 2019 3919 «Quamvis
2038 3861 2153 3928 per

605 3946 1044 4031 poeuiteutiam
1069 3946 1432 4030 propitiatio
1457 3951 1862 4029 peccatorum
1889 3950 1993 4030 sit,
2015 3952 2153 4018 sine

601 4058 782 4121 metu
805 4053 1003 4119 homo
1027 4057 1245 4118 tamen
1270 4071 1406 4117 esse
1433 4070 1565 4117 nou
1592 4053 1812 4133 debet3
1847 4056 1999 4139 quia
2025 4077 2154 4141 ραι-

601 4162 889 4227 nitentiae
923 4160 1264 4225 satisfactio
1300 4160 1519 4226 divino
1558 4165 1809 4227 tantum
1847 4170 2153 4246 pensatur

595 4265 861 4351 judicio,
901 4283 1034 4334 neu
1059 4267 1376 4350 {humanm
1409 4288 1441 4328 ι
1475 4272 1537 4332 2.
1570 4268 1644 4333 In
1669 4271 2150 4337 conservatione

603 4378 869 4458 gratiae3
913 4374 1090 4460 quod
1128 4375 1302 4440 enim
1347 4376 1628 4458 quotidie
1672 4394 1804 4441 non
1845 4377 2145 4460 labimur,

600 4484 768 4566 quod
796 4501 838 4547 a
861 4481 1114 4548 diabolo
1141 4499 1272 4548 nou
1295 4482 1700 4565 jugulamur,
1730 4484 1903 4567 quod
1943 4503 1983 4549 a
2019 4486 2149 4552 Deo

600 4605 734 4657 non
748 4589 1277 4673 derelinquimur,
1295 4607 1380 4655 ex
1389 4588 1497 4654 Dei
1511 4589 1958 4674 propitiatione
1975 4597 2070 4657 est
2083 4592 2107 4629 ⁸
2123 4616 2140 4657 :

607 4721 640 4761 α
660 4698 757 4765 Tu
780 4701 999 4764 autem
1031 4698 1198 4762 Deus
1225 4696 1558 4782 propitius,
1587 4701 1651 4762 et
1676 4698 1974 4777 clemens,
1999 4698 2141 4763 lon-

598 4806 879 4890 ganimis
903 4813 967 4871 et
989 4804 1214 4870 multae
1245 4804 1715 4885 miserIcordiae,
1747 4823 1879 4870 nou
1908 4805 2143 4871 dereli-

597 4915 789 4999 quisti
801 4929 977 4979 nos.»
1000 4912 1158 4977 Item
1178 4916 1239 4976 3.
1261 4911 1331 4974 in
1349 4911 1681 4977 collatione
1696 4909 1922 4993 gloriae
1939 4913 1995 4976 ἰ
2022 4936 2054 4973 α
2072 4913 2143 4979 Si

597 5023 903 5090 Dominus
928 5019 1242 5105 propitius
1268 5017 1482 5098 fuerit,
1508 5017 1768 5083 inducet
1792 5018 1863 5083 in
1888 5037 2055 5101 eam,
2080 5025 2144 5087 et

657 5186 676 5221 ¹
705 5182 876 5244 Zach„
916 5195 1006 5244 ιιι,
1046 5185 1093 5233 1.
1125 5208 1186 5219 --
1228 5183 1246 5213 ²
1281 5181 1418 5238 Luc..
1464 5192 1624 5245 xviu,
1675 5183 1750 5232 13.
1794 5207 1857 5219 —
1900 5182 1924 5218 ⁸
1963 5182 2141 5244 lic-clf..

595 5265 736 5320 xvir,
765 5258 843 5307 28.
869 5280 933 5293 -
973 5253 996 5288 ⁸
1020 5257 1227 5314 lev-em„
1264 5263 1452 5317 xxxvi,
1478 5254 1528 5302 3.
1553 5279 1614 5290 -
1650 5253 1672 5289 ⁸
1699 5253 1835 5304 Ptol.
1865 5265 1972 5319 cn,
2001 5259 2050 5308 3.
2077 5281 2142 5294 —·

594 5330 615 5359 ⁸
655 5327 832 5388 recti„
871 5338 923 5390 v,
959 5330 1009 5378 5.
1046 5353 1109 5365 -
1144 5327 1167 5363 τ
1212 5325 1325 5376 isid.
1367 5351 1429 5363 —
1466 5323 1490 5359 ⁸
1535 5325 1576 5374 n
1616 5324 1791 5384 Esar..
1836 5338 1922 5392 nx,
1968 5328 2044 5377 ιι.
2077 5352 2140 5363 -

593 5398 620 5435 0
641 5399 816 5460 Nun„
843 5409 952 5462 nv,
981 5399 1031 5448 8.
1058 5419 1121 5434 --
1157 5398 1204 5434 ¹⁶
1242 5398 1261 5447 l
1303 5397 1439 5462 neq„
1467 5407 1618 5459 nn,
1651 5399 1729 5447 ιι.
1762 5423 1825 5435 -
1855 5399 1889 5432 ¹¹
1919 5400 2048 5462 Aug.
2076 5426 2137 5437 —

596 5470 637 5506 11
664 5468 843 5529 Εσσιε.,
876 5479 1078 5532 ιινιιι,
1108 5471 1159 5521 5.
1186 5491 1252 5507 ω-
1283 5466 1328 5504 ¹⁸
1355 5466 1497 5520 Ptol.
1525 5478 1715 5529 cxxix,
1749 5470 1798 5520 ὁ.
1827 5493 1889 5508 -·
1916 5470 1960 5505 ¹⁸
1992 5469 2134 5533 Gal„

1742 473 2164 544 saltuum
2204 472 2306 542 DE
2345 473 2740 546 TEMPORE.

2284 613 2489 678 undet
2514 614 2703 679 nobis
2724 615 3001 681 humum
3036 616 3197 683 lacte
3234 615 3300 683 et
3335 615 3527 685 mella
3558 635 3825 686 manan-

2284 721 2442 785 tom.
2472 743 2505 782 a

2365 832 2452 893 De
2465 829 2743 894 mundo
2756 830 2804 872 ¹⁰
2819 851 2834 894 ε
2848 851 2881 892 α
2897 828 3216 914 Propitius
3227 832 3311 897 sit
3324 833 3485 898 mihi
3495 833 3814 914 Dominus,

2284 937 2362 998 nt
2399 953 2531 1000 non
2576 935 2828 1000 mittam
2864 955 3131 1003 manum
3167 958 3378 1006 meam
3407 941 3476 1005 in
3506 939 3816 1006 Christum

2283 1041 2557 1107 Domini.
2594 1065 2628 1105 ι
2668 1045 2850 1109 Certe
2884 1045 2992 1110 cui
3021 1045 3333 1114 Dominus
3357 1052 3492 1113 tam
3515 1050 3818 1132 propitius

2282 1153 2400 1228 est,
2430 1151 2603 1234 quod
2627 1151 2687 1217 ei
2714 1151 2990 1234 gratiam
3026 1155 3329 1236 parcendi
3368 1157 3680 1239 proximis
3716 1174 3815 1221 re-

2282 1257 2528 1338 tribuit,
2556 1260 2770 1340 ,multo
2796 1260 3003 1326 eidem
3030 1262 3342 1346 propitior
3364 1265 3509 1345 erit,
3534 1265 3690 1330 dnm
3712 1284 3818 1349 pe-

2279 1367 2569 1449 percerit.
2619 1367 3029 1450 Augustinus
3055 1371 3097 1406 ¹¹
3132 1391 3149 1434 ε
3188 1392 3223 1431 α
3248 1369 3697 1455 Unusquisque
3718 1376 3818 1436 ta-

2278 1472 2405 1537 lem
2428 1474 2896 1557 indulgentiam
2914 1482 3294 1560 accepturus
3318 1484 3416 1543 est
3439 1497 3481 1544 a
3501 1478 3652 1558 Deo,
3673 1498 3820 1562 qua-

2278 1581 2407 1648 lem
2429 1582 2743 1667 impendit
2764 1585 3083 1667 proximo.
3114 1606 3147 1645 n
3183 1584 3507 1668 Propitius
3524 1603 3689 1668 ergo
3704 1587 3820 1651 erit

2278 1689 2395 1754 tibi
2438 1689 2604 1756 Deus
2622 1739 2644 1772 ‚
2686 1691 2740 1755 si
2779 1695 2854 1757 tu
2898 1692 3214 1775 propitius
3255 1693 3454 1758 fueris
3501 1693 3814 1777 proximo,

2276 1796 2489 1879 ipsum
2536 1815 2670 1863 non
2712 1799 3065 1881 gravando,
3106 1800 3272 1864 sicut
3309 1802 3453 1882 jam
3495 1803 3817 1865 ostensum

2275 1908 2374 1968 est
2425 1903 2494 1969 in
2554 1904 2777 1971 David.
2844 1905 3004 1970 Item
3066 1923 3421 1988 gravamen
3475 1924 3609 1973 non
3664 1908 3815 1973 affe-

2274 2011 2500 2077 ctando
2532 2032 2548 2077 z
2577 2012 2839 2096 qnidam
2863 2013 3022 2079 alios
3046 2013 3277 2080 laedere
3315 2014 3545 2079 nolunt
3580 2037 3599 2093 ;
3639 2015 3694 2079 si
3720 2018 3815 2079 ta·

2273 2136 2425 2184 men
2451 2102 2795 2200 laeduntur,
2831 2119 3141 2203 diligunt,
3182 2120 3388 2204 placet
3405 2143 3424 2200 ;
3473 2121 3645 2204 quod
3690 2141 3820 2188 uon

2272 2227 2476 2310 placet
2504 2227 2612 2311 (a),
2644 2229 2700 2292 si
2732 2246 3064 2294 rancorem
3100 2246 3229 2293 nou
3264 2234 3613 2295 servarent.
3654 2232 3817 2296 Gon-

2270 2339 2371 2399 tra
2398 2336 2568 2419 quod
2610 2335 2847 2401 dicitnr
2872 2336 2917 2372 ¹¹
2947 2356 2963 2400 ε
3009 2357 3041 2396 α
3070 2334 3212 2419 Ipse
3243 2354 3397 2400 cum
3422 2353 3571 2401 caro
3595 2338 3677 2400 sit
3713 2337 3812 2420 (b),

2271 2445 2487 2507 servat
2513 2442 2699 2523 iram,
2728 2448 2793 2508 et
2819 2442 3334 2525 propitiationem
3353 2444 3510 2526 petit
3527 2461 3570 2508 a
3588 2443 3753 2510 Deo?
3776 2466 3809 2505 ι

2269 2550 2346 2628 (ο)
2374 2550 2631 2633 qualem
2672 2549 2983 2632 impendit
3016 2550 3337 2633 proximo.
3383 2549 3549 2615 Item
3583 2568 3816 2632 grava-

2269 2674 2420 2723 men
2465 2660 2609 2740 eJus
2655 2657 3036 2736 alleviando,
3083 2664 3150 2723 et
3191 2675 3411 2723 mcum
3461 2658 3813 2742 portand03

2270 2763 2604 2829 psalmista
2648 2766 2696 2805 ¹⁸
2740 2787 2757 2828 ι
2796 2787 2830 2827 α
2857 2766 3042 2848 Apud
3085 2769 3150 2831 to
3193 2766 3561 2849 propitiatio
3599 2770 3715 2846 est,
3753 2769 3819 2830 ot

2266 2875 2524 2955 propter
2553 2872 2771 2954 legem
2801 2876 2983 2939 tuam
3001 2921 3021 2953 ,
3046 2894 3078 2933 υ
3110 2877 3233 2937 etc.
3272 2872 3537 2939 Glossa:
3603 2896 3637 2932 κ
3666 2873 3816 2938 Sine

2265 2978 2413 3059 lege
2429 2979 2875 3045 misericordiae
2885 2985 2950 3045 et
2964 2980 3271 3058 veritatis,
3286 2980 3439 3064 quia
3460 2980 3544 3064 (d)
3557 2983 3645 3044 ¹⁴«
3657 2980 3815 3045 alter

2265 3084 2531 3151 alterius
2563 3104 2756 3152 onera
2782 3092 3048 3170 portate,
3073 3087 3342 3170 »legem
3372 3089 3590 3154 nullus
3622 3090 3814 3153 susti-

2263 3195 2394 3270 net,
2426 3193 2532 3259 vel
2554 3194 2795 3259 frustra
2833 3195 3127 3260 sustinet.
3171 3194 3295 3273 Qui
3330 3211 3490 3277 ergo
3525 3196 3690 3260 hanc
3722 3194 3815 3260 Ie-

2265 3315 2419 3380 gem
2472 3302 2811 3382 servando,
2856 3301 3199 3369 Dominum
3247 3303 3582 3383 stistinent,
3645 3303 3814 3387 apud

2262 3404 2605 3472 Dominum
2635 3407 3148 3492 propitiationem
3185 3409 3534 3477 invenient.

2340 3512 2429 3578 De
2453 3517 2640 3580 tertio
2664 3516 2743 3553 ¹⁸·
2727 3537 2806 3579 ,α
2825 3514 3195 3583 Exaudies
3177 3536 3248 3581 ιιι
3277 3518 3437 3583 coelo
3459 3517 3813 3583 orationem

2261 3639 2510 3704 eorum,
2541 3627 2605 3688 et
2630 3624 2820 3689 facies
2848 3623 3165 3706 jndieinm
3202 3642 3453 3706 eorum,
3493 3629 3557 3690 et
3601 3626 3813 3709 propi-

2259 3730 2518 3795 tiaberis
2541 3732 2776 3815 populo
2795 3735 2930 3812 tue,
2945 3754 2978 3793 n
3002 3737 3122 3797 etc.
3153 3730 3540 3816 Propitiatur
3564 3732 3811 3798 bomini

2258 3834 2567 3901 Dominus
2593 3840 2852 3920 propter
2878 3837 3236 3904 orationem
3260 3839 3491 3905 factam
3512 3858 3565 3904 a
3577 3840 3806 3923 seipso,

2256 3961 2296 4008 a
2322 3944 2644 4025 proxime,
2669 3961 2711 4008 a
2737 3945 3008 4011 Christo.
3037 3946 3098 4010 A
3118 3947 3346 4030 seipso,
3378 3947 3549 4012 uude
3579 3947 3687 4012 hic
3711 3946 3811 4012 di-

2256 4051 2421 4116 eitur
2453 4073 2470 4116 ι
2518 4044 2915 4122 percutiebat
2950 4059 3175 4137 pectus
3212 4070 3427 4135 suum,
3473 4059 3594 4120 etc.
3637 4053 3807 4120 Licet

2255 4159 2738 4243 percutiendum
2773 4167 2939 4227 esset
2983 4179 3057 4227 os
3097 4165 3162 4226 et
3196 4179 3452 4242 manus,
3488 4166 3554 4227 et
3590 4163 3806 4227 omnia

2255 4267 2549 4332 membra
2572 4267 3021 4350 iniquitatibus
3046 4270 3353 4352 subjecta,
3373 4270 3696 4352 praecipue
3717 4273 3805 4334 ta-

2255 4391 2406 4442 men
2443 4394 2554 4441 cor
2585 4380 2651 4441 et
2685 4381 2930 4460 pectus,
2961 4380 3137 4445 unde
3162 4380 3384 4445 omnia
3407 4382 3665 4462 peccata
3691 4395 3805 4442 ex-

2252 4488 2433 4560 eunt,
2462 4489 2583 4549 eto.
2614 4483 2774 4549 Item
2801 4489 3062 4569 propter
3098 4487 3454 4552 orationem
3492 4487 3724 4550 factam
3761 4503 3801 4549 a

2250 4590 2547 4673 proximo
2567 4592 2613 4630 ¹·
2635 4613 2693 4658 ια
2715 4592 2904 4673 Deus,
2937 4594 3247 4677 propitius
3268 4599 3427 4659 esto.
3448 4618 3479 4653 ιι
3499 4592 3578 4658 Ει
3599 4594 3801 4676 sequi-

2250 4701 2359 4762 tur
2405 4719 2421 4763 z
2483 4722 2516 4761 ι
2549 4699 2843 4766 Miserius
2869 4704 2966 4766 est
3009 4700 3318 4766 Dominus
3359 4718 3554 4784 super
3594 4700 3737 4765 hoc.
3758 4721 3790 4761 n

2250 4804 2330 4870 Et
2357 4805 2401 4843 ¹⁷
2430 4824 2451 4871 τ
2490 4829 2522 4868 α
2549 4807 2736 4875 Orate
2772 4827 2891 4892 pro
2924 4808 3235 4892 invicem,
3267 4814 3345 4875 nt
3369 4809 3727 4876 salvemini.
3756 4830 3787 4869 ι

2252 4912 2411 4980 item
2440 4919 2700 4998 propter
2724 4916 3082 4982 orationem
3106 4917 3339 4981 factam
3361 4934 3401 4981 a
3427 4915 3675 4982 Christo
3696 4914 3743 4951 ¹⁸
3772 4935 3790 4981 z

2256 5043 2289 5082 α
2322 5022 2718 5087 Advocatum
2753 5024 3069 5090 habemus
3108 5024 3281 5106 apud
3313 5022 3662 5089 Dominum
3685 5020 3792 5088 Je-

2246 5145 2395 5200 mm
2421 5128 2747 5194 Christum
2765 5132 3042 5213 justum,
3071 5131 3303 5215 etipse
3324 5135 3422 5195 est
3438 5130 3792 5214 propitiatio

2247 5246 3495 5311 v,.12-¹¹·.,lltReqv1n,.¹,⁵o-⁸Amoe
3536 5249 3787 5314 vn,2,.3

2246 5279 3282 5386 *Ἥλωνιῦ-Ηοαηηιιμὲ

2307 5396 2377 5461 (a)
2410 5396 2525 5460 Leq.
2553 5395 2883 5460 placeret—
2916 5398 2987 5464 (b)
3021 5399 3148 5451 Coet.
3177 5398 3300 5452 edit.
3327 5399 3453 5451 dum
3477 5411 3600 5452 earo
3627 5398 3699 5470 fit.
3725 5419 3787 5436 «-

2244 5493 2306 5507 -
2335 5470 2398 5534 (c)
2429 5468 2607 5534 Suppl-
2635 5468 2810 5522 ‘Mem
2836 5470 3160 5536 aecipiet-
3188 5470 3277 5538 (d)
3307 5469 3426 5538 1-29·
3452 5483 3570 5538 (ιω
