4059 6317
469 4109 592 4151 Crux
609 4106 688 4149 du·

471 4171 592 4227 plex.

742 473 863 537 4⁰8

740 603 838 665 vel
855 600 1132 673 bravium
1150 598 1510 677 proponitur
1534 598 1633 675 (a).
1665 600 1760 665 Est
1776 598 1956 661 etiam
1970 613 2104 657 mos
2118 597 2283 672 apud

736 713 927 771 reges,
957 701 1022 767 ui
1045 693 1332 763 militibus
1366 692 1716 773 pugnaturis
1750 691 2004 753 donaria
2030 691 2281 768 promit-

735 795 890 864 tant,
920 796 984 855 ut
1010 808 1086 853 ex
1123 789 1440 857 donatione
1475 789 1673 849 futura
1716 788 1797 848 ad
1843 787 2114 862 praelium
2153 786 2279 845 ani-

735 891 991 949 menmr.
1017 885 1271 953 Laborat
1296 883 1457 942 enim
1483 883 1547 940 in
1573 881 1752 940 vinea
1777 880 2019 954 fortius,
2044 883 2100 938 et
2127 880 2281 953 ligo-

735 996 874 1041 nem
899 979 1156 1059 amplius
1181 979 1361 1050 levat,
1389 980 1448 1037 et
1472 976 1727 1035 velocius
1753 975 2000 1047 habitat,
2033 972 2278 1048 quando

729 1072 962 1137 bonum
989 1072 1301 1147 praemium
1328 1071 1462 1147 quis
1489 1072 1777 1145 expectat.
1795 1068 1958 1126 Unde
1988 1067 2233 1126 dicitur-¹
2256 1087 2275 1123 ε

733 1188 765 1224 ι
787 1167 1181 1231 ostenderunt
1206 1164 1621 1241 elephantibus
1663 1163 2017 1237 sanguinem
2059 1178 2190 1220 uvoe
2217 1165 2278 1219 et

728 1261 907 1333 mori,
933 1265 1000 1319 ut
1024 1263 1301 1323 acuerent
1327 1274 1432 1317 eos
1454 1257 1535 1323 ad
1557 1256 1850 1333 praelium.
1870 1276 1899 1311 n
1915 1256 2079 1314 Unde
2095 1262 2279 1330 Apos-

728 1355 886 1421 tolus
904 1397 924 1431 ,
965 1371 1103 1417 cum
1130 1357 1425 1415 curreutes
1460 1352 1540 1410 ad
1581 1350 1857 1409 bravium
1901 1349 2279 1425 propositum

726 1448 1027 1509 electionis
1053 1447 1281 1517 invitat,
1310 1444 1454 1507 dicit
1477 1448 1501 1482 ¹
1534 1463 1549 1502 :
1587 1465 1616 1503 ιι
1645 1446 1740 1505 Sic
1766 1444 2000 1515 currite,
2035 1448 2101 1502 ut
2118 1459 2278 1503 com·

726 1540 1128 1617 prehendatis.
1156 1560 1185 1595 n
1221 1539 1464 1599 sienim
1501 1538 1585 1597 sic
1624 1541 1867 1597 currunt
1891 1537 2169 1599 mortales
2194 1536 2276 1595 ad

727 1633 1111 1710 corruptibile
1136 1633 1414 1693 bravium
1432 1676 1449 1701 ,
1492 1631 1745 1708 qualiter
1769 1635 1943 1706 putas
1981 1646 2108 1689 esse
2135 1646 2271 1688 cur-

725 1727 981 1791 rendum
1027 1727 1108 1788 ad
1157 1725 1435 1787 bravium
1486 1724 1950 1800 sempiternum?
1987 1724 2274 1783 Dominus

727 1837 870 1895 ergo
899 1820 1099 1879 electis
1133 1819 1256 1878 suis
1283 1818 1687 1894 pugnantibus
1707 1859 1727 1889 ,
1768 1820 1836 1876 ut
1866 1816 2093 1877 sortiter
2117 1834 2269 1892 prae-

723 1915 961 1988 lientur,
992 1919 1050 1975 et
1075 1914 1155 1973 ab
1183 1915 1456 1975 hostibus
1480 1930 1603 1972 nou
1631 1912 1960 1981 vincantur,
1993 1912 2271 1971 bravium

724 2010 1011 2087 proponit
1030 2014 1335 2081 aeternum,
1364 2006 1534 2085 quod
1561 2006 1702 2066 tanti
1727 2006 1948 2064 valoris
1975 2022 2103 2064 esse
2131 2021 2269 2079 pro·

723 2101 919 2176 batur,
948 2108 1013 2161 ut
1037 2119 1149 2178 pro
1178 2118 1251 2160 eo
1294 2102 1487 2175 magis
1522 2100 1712 2173 mori,
1755 2116 1939 2174 quam
1979 2101 2203 2172 vivere,
2232 2117 2271 2160 a

721 2195 1001 2257 fidelibus
1024 2197 1295 2269 eligatur,
1318 2202 1374 2255 et
1399 2200 1640 2271 propter
1651 2193 1768 2253 hoc
1794 2195 1870 2253 de
1891 2194 2264 2254 nobilissimo

719 2291 832 2353 isto
846 2291 1070 2351 Christo
1085 2290 1159 2365 (b)
1172 2290 1355 2370 mili-te
1367 2288 1773 2364 propriissime
1789 2287 2001 2347 dicitur
2022 2306 2038 2346 z
2062 2291 2265 2361 Propo·-

719 2389 827 2442 sito
854 2388 963 2442 sibi
980 2385 1182 2459 qwdio
1211 2387 1477 2442 sustinuit
1503 2398 1708 2440 crucem
1729 2399 1743 2438 ι
1766 2382 1908 2457 quia
1928 2381 2076 2439 dum
2102 2398 2263 2439 sanc-

719 2480 812 2535 tus
839 2477 1153 2552 Apostolus
1178 2476 1467 2550 gaudium
1493 2475 1647 2534 illud
1673 2474 2007 2534 (eternitatis
2036 2475 2265 2549 aspexit

718 2573 1088 2651 propositum
1136 2573 1235 2630 Dei
1273 2570 1412 2629 filiis
1442 2574 1500 2628 et
1539 2570 1738 2629 electis
1761 2614 1783 2638 ,
1827 2573 2163 2628 constanter
2207 2571 2265 2627 et

715 2667 1045 2740 gaudenter
1069 2665 1406 2740 patibulum
1428 2665 1619 2722 crucis
1654 2663 1941 2722 ascendit.
1973 2663 2137 2722 Unde
2154 2679 2264 2738 po-

715 2762 861 2817 terat
894 2758 1091 2818 dicere
1136 2758 1290 2816 illud
1327 2760 1351 2795 ⁸
1384 2776 1400 2817 ε
1437 2779 1465 2813 α
1492 2757 1825 2816 Ascendam
1868 2757 1932 2815 in
1970 2757 2258 2832 palmam,

716 2857 776 2912 et
801 2850 1249 2928 apprehendam
1274 2851 1497 2910 fructus
1523 2852 1670 2925 ejus.
1700 2871 1730 2908 n
1750 2851 2048 2927 Aspicere,
2075 2854 2261 2909 estex

715 2947 1187 3006 consideratione
1230 2945 1522 3004 mercedis
1561 2949 1793 3004 oeternae
1841 2950 2080 3020 portare
2128 2961 2259 3003 cru·

715 3059 864 3100 cem.
894 3045 1041 3100 Nam
1064 3041 1299 3116 palma,
1345 3057 1482 3116 quae
1523 3040 1705 3099 arbor
1746 3039 2067 3098 victorialis
2109 3043 2257 3111 erat,

715 3151 948 3197 crucem
976 3135 1270 3209 significat
1289 3176 1306 3209 ,
1334 3151 1444 3210 per
1471 3151 1657 3209 quam
1682 3135 1759 3192 de
1788 3132 2036 3191 diabolo
2063 3134 2257 3193 omnis

710 3230 896 3289 homo
941 3229 1282 3305 triumphat.
1333 3233 1398 3288 ln
1431 3229 1619 3287 verbo
1660 3245 1806 3303 ergo
1846 3228 2153 3304 praemisso
2181 3228 2258 3287 de

711 3325 827 3382 hoc
868 3329 1069 3383 sancto
1106 3324 1388 3399 Apostolo
1423 3325 1507 3381 sic
1533 3329 1776 3399 accepto
1797 3365 1819 3395 ,
1847 3324 1969 3381 duo
1998 3321 2257 3381 maxime

711 3421 1025 3476 notantur:
1057 3433 1198 3475 nam
1225 3418 1422 3493 primo
1458 3418 1819 3492 proponitur
1845 3416 1900 3475 ei
1945 3415 2258 3491 praemium

714 3527 837 3586 quo
865 3516 989 3579 erat
1015 3511 1392 3573 coronandus
1428 3511 1492 3569 in
1523 3510 1750 3585 patria,
1779 3509 2046 3567 secundo
2074 3507 2260 3581 tangi·

711 3611 806 3664 tur
832 3606 959 3679 ejus
987 3605 1539 3663 excellentissimum
1565 3604 1867 3677 meritum,
1898 3619 2020 3679 quo
2047 3601 2260 3663 claruit

713 3699 1040 3758 luculenter
1063 3699 1128 3757 in
1159 3700 1278 3756 via.
1323 3698 1582 3756 Primum
1622 3701 1893 3769 notatur,
1934 3713 2073 3756 cum
2110 3695 2256 3754 dici-

711 3798 807 3852 tur
836 3813 851 3852 z
882 3796 1163 3867 Proposito
1188 3794 1299 3850 sibi
1336 3793 1554 3866 gaudio.
1603 3791 1943 3851 Secundum
1970 3806 2114 3849 vero
2144 3806 2255 3848 no-

713 3892 901 3959 tatur,
930 3904 1066 3945 cum
1098 3885 1339 3947 additur
1381 3903 1397 3942 z
1429 3886 1708 3943 Sustinuit
1751 3902 1977 3943 crucem
2026 3882 2143 3943 Sed
2179 3883 2255 3942 de

713 3980 935 4059 gaudio
968 3979 1280 4054 multiplici
1311 3978 1622 4054 temporali
1652 3995 1850 4052 quaere
1882 3977 2258 4036 abundanter

713 4073 775 4131 in
800 4073 1174 4132 sermonibus
1210 4075 1276 4130 de
1319 4073 1607 4145 Adventu,
1634 4076 1693 4131 et
1734 4072 1820 4130 sic
1853 4070 1929 4131 de
1970 4071 2120 4130 aliis.
2147 4073 2257 4129 No·

712 4169 959 4227 tandum
993 4172 1080 4226 est
1115 4168 1291 4241 igitur
1325 4167 1455 4239 hic,
1494 4165 1661 4241 quod
1701 4170 1788 4223 est
1828 4165 2050 4241 duplex
2088 4182 2256 4237 crux,

712 4279 834 4321 una
857 4262 1207 4335 materialis,
1239 4261 1358 4323 alia
1395 4261 1732 4337 spiritualis.
1767 4261 1961 4318 Prima
1988 4263 2076 4318 est
2110 4260 2258 4318 iute-

712 4357 855 4428 rior,
884 4372 1018 4433 quae
1041 4360 1307 4433 portatur
1333 4355 1396 4413 in
1430 4354 1650 4427 corde,
1679 4353 1942 4412 secunda
1980 4358 2069 4411 est
2093 4356 2255 4411 exte-

712 4451 835 4507 rior
855 4493 873 4522 ,
912 4467 1046 4525 quae
1074 4449 1334 4517 consistit
1368 4448 1434 4506 in
1478 4464 1678 4525 opere.
1725 4451 1880 4507 Crux
1928 4446 2257 4523 corporalis

712 4542 1013 4602 bonorum
1047 4547 1135 4601 est
1177 4547 1236 4601 et
1269 4542 1604 4615 malorum,
1653 4541 1759 4602 sed
1806 4540 2126 4615 spiritualis
2171 4542 2259 4598 est

711 4640 942 4707 tantum
977 4637 1313 4699 beatorum.
1355 4638 1676 4710 Utrumque
1714 4635 1973 4709 portavit
2008 4637 2257 4709 Aposto-

712 4731 828 4789 lus.
858 4730 973 4789 Sed
1018 4729 1095 4789 de
1137 4730 1331 4804 prima
1372 4729 1627 4787 habetur
1671 4728 2007 4802 plenissime
2045 4728 2109 4785 in
2152 4728 2253 4785 Le-

712 4825 913 4899 genda
942 4843 957 4883 ι
989 4828 1048 4883 ει
1072 4824 1211 4882 ideo
1241 4824 1317 4881 de
1346 4823 1628 4894 secunda,
1659 4839 1793 4896 quae
1811 4826 2039 4880 tantum
2065 4820 2253 4879 bono·

711 4935 848 4977 rum
880 4921 988 4989 est,
1015 4917 1353 4993 praedicatio
1382 4921 1468 4977 est
1493 4915 1770 4977 texenda.

785 5016 883 5073 Est
907 5012 1084 5088 igitur
1109 5010 1556 5077 attendendum,
1588 5009 1754 5085 quod
1782 5007 1931 5067 sicut
1956 5025 2102 5067 crux
2127 5025 2256 5068 ma-

777 5186 796 5219 ¹
837 5185 854 5233 1
891 5182 1078 5245 uach„
1119 5195 1203 5248 vr,
1238 5183 1319 5235 34.
1345 5208 1409 5221 -
1440 5180 1683 5246 ².‚tCor
1719 5192 1802 5243 lx,
1829 5182 1908 5230 24.
1936 5179 2253 5240 -⁸Cant.,

716 5251 2253 5329 v118-z-*lVR091111—*G0L1149-

717 5328 789 5457 :v
777 5328 795 5376 Ι
821 5326 980 5449 ’ξω-Ἰ
1022 5335 1107 5391 lx,
1144 5327 1225 5376 2‘1.
1261 5352 1326 5364 —
1358 5326 1381 5363 '¹
1416 5326 1779 5389 Ierem.,v111,
1818 5324 1957 5372 6.-
1994 5319 2252 5381 ‘Natum

1779 460 2202 530 SERMONES
2244 460 2346 529 DE
2384 460 2737 530 SANCTIS.
2782 463 2892 529 111.

2390 597 2610 657 termis
2635 597 2818 663 habet
2842 601 3102 674 quatuor
3141 599 3430 675 brachia,
3458 601 3545 661 sic
3567 603 3627 661 et
3647 617 3799 667 crux
3820 605 3931 681 spi-

2388 691 2615 755 ritualis
2640 693 2822 755 habet
2840 696 3099 769 quatuor
3120 693 3263 767 alia,
3292 694 3417 757 duo
3444 695 3670 761 directa
3682 739 3708 769 ‚
3736 703 3796 757 et
3820 699 3933 758 duo

2388 787 2818 849 transversalia.
2856 790 3004 849 Nam
3042 788 3105 847 in
3154 793 3407 864 utraque
3451 806 3622 855 cruce
3672 793 3764 853 ast
3804 792 3932 850 bra·

2388 879 2588 939 chium
2614 881 2917 955 infimum,
2956 881 3125 957 quod
3158 883 3336 941 totius
3378 884 3573 942 crucis
3608 890 3701 944 ast
3728 884 3932 944 funda-

2386 979 2651 1033 mentum
2664 995 2686 1047 3
2715 981 2805 1036 est
2836 976 3147 1037 brachium
3175 977 3453 1039 dextrum
3463 999 3483 1051 ς
3512 982 3602 1037 est
3624 980 3933 1039 brachium

2384 1066 2719 1139 sinistrum3
2748 1071 2807 1127 et
2833 1073 2921 1127 est
2944 1069 3257 1129 brachium
3279 1088 3654 1147 supremum.
3683 1077 3749 1132 ln
3765 1091 3933 1133 cruce

2385 1159 2565 1234 igitur
2592 1162 2881 1237 spirituali
2907 1162 3219 1223 brachium
3242 1164 3519 1225 infimum
3546 1172 3635 1225 est
3652 1169 3934 1241 poeniten-

2382 1254 2465 1313 tia
2492 1256 2967 1317 consideratione
3003 1258 3339 1333 malorum
3377 1260 3705 1323 brachium
3730 1244 3932 1338 supre-

2381 1365 2550 1413 mum
2595 1352 2706 1413 erit
2749 1352 3159 1415 misericordia
3201 1360 3471 1429 respectu
3528 1355 3927 1431 afflictorum3

2380 1444 2697 1507 brachium
2746 1446 3023 1509 dextrum
3068 1447 3181 1507 erit
3226 1449 3623 1523 temperantia
3668 1456 3935 1526 respectu

2379 1554 2835 1613 prosperorum3
2882 1544 2940 1599 et
2983 1541 3297 1599 brachium
3331 1541 3641 1603 sinistrum
3686 1545 3803 1604 erit
3833 1561 3932 1620 pa·

2379 1632 2584 1693 tientia
2636 1650 2711 1692 ex
2760 1633 3076 1695 tolerantia
3132 1639 3580 1697 tormentorum.
3642 1640 3801 1697 Nam
3852 1638 3933 1697 he

2378 1730 2639 1801 quatuor
2664 1728 2904 1787 virtutes
2931 1731 3069 1787 sunt
3094 1727 3200 1786 illa
3232 1728 3557 1803 quadriga,
3588 1747 3722 1806 qua
3742 1732 3814 1790 in
3838 1748 3935 1806 pa·

2377 1819 2645 1880 radisum
2687 1821 3039 1883 deliciarum
3076 1827 3162 1881 est
3207 1822 3526 1882 translatus
3566 1823 3765 1896 Elina,
3794 1826 3939 1883 sicut

2382 1913 2638 1973 habetur
2659 1915 2703 1973 ⁸.

2446 2009 2722 2067 Dicamus
2765 2024 2910 2083 ergo
2954 2009 3124 2085 quod
3150 2010 3345 2086 primo
3382 2010 3450 2084 (c)
3491 2009 3827 2071 brachium
3854 2012 3931 2086 (d)

2373 2099 2649 2161 infimum
2678 2103 2866 2163 crucis
2908 2109 2995 2163 est
3019 2103 3364 2178 poenitentia
3402 2110 3690 2179 respectu
3728 2122 3936 2180 peom-

2373 2196 2570 2253 torum
2603 2217 2616 2251 z
2648 2212 2783 2271 quas
2824 2201 2913 2255 est
2935 2197 3121 2255 virtus
3146 2197 3446 2256 bonorum
3482 2198 3781 2256 omnium
3808 2198 3937 2257 fun-

2375 2287 2743 2347 damentum.
2772 2290 2931 2349 Sicut
2968 2291 3127 2349 enim
3163 2291 3493 2366 baptismus
3522 2297 3615 2349 est
3644 2297 3831 2366 porta
3856 2293 3938 2350 in·

2371 2382 2653 2443 nantium
2664 2424 2685 2454 ‚
2732 2384 2817 2441 sic
2867 2384 3213 2458 poenitentia
3264 2389 3439 2461 porta
3479 2390 3571 2445 est
3613 2403 3935 2462 resurgen-

2372 2473 2520 2537 tium
2550 2495 2565 2534 :
2602 2475 2746 2551 quia
2773 2477 2920 2536 dum
2944 2495 3054 2552 per
3082 2495 3215 2537 eam
3245 2484 3557 2553 peccatum
3576 2479 3932 2553 destruitur,

2369 2566 2555 2628 homo
2583 2572 2663 2629 ad
2699 2571 3103 2631 innocentiam
3137 2576 3463 2647 reparatur.
3507 2574 3680 2632 Unde
3710 2575 3797 2633 ad
3822 2575 3933 2633 hoc

2370 2662 2734 2737 signandum
2758 2671 2970 2726 natura
2992 2667 3192 2725 docuit
3216 2683 3358 2741 apes
3386 2682 3501 2740 pro
3528 2666 3931 2728 fundamento

2370 2757 2463 2815 sui
2507 2758 2705 2833 operis
2732 2761 3060 2834 quamdam
3105 2761 3425 2819 crustulam
3460 2776 3745 2821 amaram
3776 2780 3931 2822 oom-

2368 2856 2628 2925 ponere',
2658 2856 2724 2911 ut
2750 2853 2899 2912 dum
2934 2856 3206 2913 arcentur
3233 2869 3460 2913 vermes
3497 2871 3575 2912 ex
3604 2856 3741 2929 ejus
3768 2873 3932 2914 ama-

2368 2944 2647 3018 ritudine,
2673 2962 2783 3007 sua
2809 2946 2989 3007 mella
3016 2947 3356 3011 dulcissima
3395 2953 3653 3022 possent
3678 2949 3752 3021 (e)
3790 2949 3931 3008 faci-

2367 3038 2491 3097 lius‘
2527 3055 2878 3100 conservare
2919 3060 2935 3098 :
2974 3041 3118 3116 quia
3142 3041 3257 3101 nisi
3291 3041 3700 3101 amaritudine
3740 3044 3929 3118 poeni-

2371 3135 2564 3191 tentia».
2582 3132 2889 3195 deleantur
2914 3139 3178 3210 peccata,
3206 3135 3371 3195 bona
3384 3150 3511 3194 non
3530 3136 3928 3210 degustantur

2366 3230 2605 3286 oeterna.
2622 3229 2796 3299 Quod
2815 3234 3051 3287 sanctus
3072 3229 3386 3305 Apostolus
3408 3245 3685 3304 cernens,
3712 3230 3927 3290 fortem

2365 3322 2773 3396 poenitentiam
2815 3323 2970 3396 egit,
3022 3339 3259 3381 carnem
3293 3322 3504 3381 afflixit
3519 3366 3542 3396 ,
3592 3328 3653 3383 et
3695 3326 3927 3401 spiritui

2367 3415 2587 3474 servire
2624 3416 2838 3489 coegit.
2890 3415 3050 3475 Unde
3091 3420 3323 3491 poterat
3349 3417 3547 3477 dicere
3580 3434 3729 3477 cum
3756 3436 3926 3495 apos-

2367 3509 2491 3567 tolo
2545 3508 2731 3569 Paulo
2784 3509 2938 3568 illud
2988 3511 3010 3546 ⁸
3052 3530 3066 3564 ι
3113 3529 3145 3565 α
3190 3510 3416 3569 Christo
3464 3512 3752 3571 confixus
3795 3529 3925 3572 sum

2367 3602 2549 3676 cruci,
2575 3622 2605 3657 »
2636 3603 2700 3661 id
2728 3606 2857 3662 est:
2888 3606 3129 3677 Propter
3154 3605 3449 3665 Christum
3482 3605 3926 3667 inveniendum

2367 3712 2585 3755 amaras
2614 3695 2970 3771 poenitentioe
3005 3698 3295 3773 supposui
3334 3714 3553 3774 corpus
3584 3716 3819 3773 meum,
3844 3702 3925 3759 ita

2367 3795 2432 3847 ut
2458 3788 2656 3848 dicere
2683 3806 2920 3865 possem
2946 3790 3102 3849 illud
3119 3791 3600 3866 apostolicum.
3535 3794 3600 3828 3·
3628 3796 3923 3868 «castigo

2366 3899 2585 3957 corpus
2613 3900 2842 3956 meum,
2869 3888 2925 3943 et
2951 3884 3015 3942 in
3043 3885 3380 3944 servitutem
3405 3885 3645 3961 redige,
3678 3904 3763 3948 ne
3792 3905 3921 3948 cum

2366 3976 2500 4035 aliis
2535 3977 2984 4052 praedicaverim
3000 4021 3021 4051 ,
3063 3979 3190 4054 ipse
3227 3978 3521 4054 reprobus
3558 3980 3861 4041 inveniar.
3892 4005 3919 4034 n

2367 4071 2482 4129 Sed
2509 4072 2643 4146 quis
2670 4070 2852 4130 hodie
2881 4076 2985 4144 est,
3020 4072 3126 4147 qui
3154 4088 3292 4132 cum
3316 4073 3605 4145 Apostolo
3630 4079 3921 4151 peaniten-

2366 4164 2512 4223 tiam
2535 4168 2711 4238 agat?
2751 4164 3050 4237 «Attendi,
3089 4165 3283 4240 inquit
3321 4168 3611 4225 Dominus
3632 4185 3753 4243 per
3776 4174 3923 4229 sere·

2365 4261 2552 4321 miam
2576 4258 2620 4333 ⁷,
2651 4264 2709 4319 et
2736 4261 3062 4321 auscultavi
3092 4278 3108 4317 ι
3152 4277 3333 4323 ιιειιιο
3374 4263 3545 4335 quod
3572 4264 3813 4325 bonum
3840 4270 3921 4325 est

2363 4353 2630 4428 loquitur
2646 4397 2665 4427 ,
2713 4370 2823 4413 nec
2865 4359 2953 4412 est
2992 4353 3099 4429 qui
3130 4355 3537 4429 poenitentiam
3573 4363 3724 4431 agat
3748 4376 3918 4435 supu-

2365 4452 2608 4522 peccato
2636 4442 2773 4520 suo,
2799 4447 3039 4507 dicens:
3072 4448 3224 4518 Quid
3249 4448 3404 4507 fecii
3422 4469 3452 4504 s
3484 4451 3603 4509 Sed
3626 4454 3914 4513 sciatom-

2365 4542 2459 4599 nis
2485 4542 2889 4616 impoenitens,
2932 4542 3101 4617 quod
3146 4542 3296 4601 sicut
3334 4559 3495 4619 aqua
3532 4562 3754 4607 amara
3777 4563 3915 4606 nun·

2365 4653 2550 4711 quam
2575 4636 2644 4693 fit
2669 4636 2890 4711 dulcia,
2917 4635 3031 4694 nisi
3056 4634 3231 4695 fuerit
3265 4642 3399 4697 ante
3438 4646 3745 4715 purgata,
3773 4642 3915 4702 sicut

2363 4733 2526 4805 patet
2548 4730 2612 4788 in
2638 4746 2798 4804 aqua
2824 4731 3022 4802 maris,
3052 4746 3188 4805 quae
3207 4730 3276 4788 fit
3291 4732 3481 4790 dulcis
3502 4734 3569 4793 in
3589 4736 3915 4795 visceribus

2364 4827 2531 4881 terrae
2571 4822 2795 4881 fortiter
2840 4822 3058 4897 agitata
3106 4842 3122 4882 z
3164 4823 3250 4883 sic
3295 4828 3355 4884 et
3395 4826 3476 4885 ab
3517 4831 3911 4889 amaritudine

2362 4917 2496 4974 vitae
2521 4932 2834 4991 nunquam
2860 4918 3198 4993 pervenitur
3224 4919 3306 4978 ad
3340 4920 3627 4996 gloriam,
3653 4924 3775 4984 nisi
3814 4940 3917 4998 per

2361 5009 2765 5084 poenitentiam
2786 5012 2988 5070 anima
2999 5011 3174 5071 fuerit
3190 5028 3228 5070 a
3239 5014 3498 5091 peccatis
3512 5021 3720 5083 exuta.
3742 5022 3919 5093 Prop-

2361 5105 2451 5162 ter
2503 5102 2673 5178 quod
2726 5103 3006 5170 Dominus
3052 5105 3551 5180 praedicationem
3599 5127 3777 5173 suam
3818 5112 3915 5171 in-

2361 5196 2540 5281 coepit
2581 5213 2619 5255 a
2660 5197 3036 5273 poenitentia,
3083 5199 3287 5263 diceus
3321 5202 3344 5237 ⁸
3390 5221 3477 5262 :a
3502 5206 3921 5271 Paenitentiam

2361 5322 2500 5445 ..1529
2521 5324 3112 5465 ᾆῖιίὶυῖἑῗῗῖῗιῗῖιιῖ
3124 5324 3244 5451 5321.
3252 5325 3372 5451 2²1⁹·
3376 5329 3692 5470 Ehffizgss
3703 5332 3919 5470 ,(3Ξὲ
