4059 6317
52 1892 236 1936 Inferni

44 1957 238 2025 mansio

1310 512 1411 580 DE
1449 510 1520 580 S.
1564 508 2041 581 LAURENTIO.
2087 510 2352 581 SERMO
2396 508 2472 580 ΙΙ.
3371 512 3487 578 587

286 647 746 707 summationem
791 647 1111 722 devorans,
1137 653 1196 708 et
1239 662 1393 724 pene
1415 648 1542 724 jam
1587 651 1837 710 devora-

286 747 414 802 tum
465 758 750 817 reparans
798 760 813 800 :
861 742 972 815 ita,
1017 747 1083 802 ut
1134 745 1348 803 iterum
1387 748 1567 820 atque
1604 746 1840 817 iterum,

285 835 477 895 immo
504 853 694 911 usque
722 836 785 894 in
809 842 1094 897 aeternum
1119 840 1315 898 valeat
1342 840 1649 899 devorare.
1673 840 1838 899 Unde

288 931 432 989 dicit
481 931 795 1005 Gregorius
838 935 855 969 ¹
903 950 934 986 ι(
963 935 1131 1008 quod
1178 935 1242 992 in
1291 934 1523 994 inferno
1578 941 1667 994 est
1715 936 1838 994 vita

285 1040 523 1100 semper
541 1027 822 1098 moriens,
849 1029 908 1085 et
925 1044 1088 1087 mors
1104 1045 1339 1103 semper
1355 1029 1580 1087 vivens,
1610 1051 1638 1085 n
1673 1029 1838 1088 Unde

284 1120 491 1179 Glossa
535 1134 836 1194 exponens
878 1121 1068 1179 illud’
1101 1140 1115 1180 :
1145 1123 1301 1180 Sicut
1348 1139 1466 1180 oves
1505 1127 1568 1180 in
1620 1127 1837 1194 infame

283 1216 459 1285 positi
501 1219 650 1286 sunt,
678 1228 820 1271 mors
868 1216 1115 1288 depascet
1156 1232 1258 1283 eos,
1293 1215 1437 1274 dicit
1477 1217 1644 1291 quod
1689 1216 1840 1274 sicut

282 1306 474 1365 herba
510 1306 587 1365 ab
632 1307 846 1365 ovibus
887 1310 1164 1384 carpitur,
1224 1310 1332 1368 sed
1379 1326 1503 1368 non
1556 1309 1838 1369 radicitus

284 1401 577 1473 evellitur,
607 1406 674 1459 ut
696 1401 975 1461 continue
1002 1409 1361 1476 renascatur,
1408 1409 1470 1462 ut
1495 1404 1578 1462 sic
1603 1420 1840 1478 semper

285 1495 379 1563 sit,
407 1494 578 1567 quod
605 1500 882 1569 carpatur
891 1514 910 1568 3
943 1496 1026 1555 sic
1053 1497 1238 1555 homo
1260 1498 1322 1554 in
1349 1496 1579 1555 inferno
1607 1513 1840 1571 semper

285 1588 559 1658 moritur,
592 1592 668 1660 et,
717 1593 782 1646 ut
825 1605 1061 1664 semper
1109 1591 1264 1650 mori
1286 1591 1492 1667 possit,
1524 1592 1604 1649 ad
1655 1591 1838 1649 vitam

289 1680 569 1739 continue
596 1686 927 1756 reparatur.
949 1687 1043 1742 Est
1057 1684 1234 1743 etiam
1261 1685 1410 1761 quid
1425 1684 1840 1759 gravissimum

285 1774 443 1847 ignis
458 1779 733 1848 asternuS,
750 1777 932 1834 nullis
959 1794 1234 1853 unquam
1244 1780 1616 1855 temporibus
1633 1779 1842 1838 finien-

289 1867 425 1927 dus.
454 1870 619 1928 Unde
647 1870 847 1929 miseri
889 1878 1232 1946 peccatores
1278 1888 1404 1932 non
1430 1877 1602 1932 erunt
1629 1876 1693 1932 in
1747 1874 1841 1932 in-

288 1962 458 2022 ferno
508 1979 617 2038 per
651 1980 897 2036 annum,
927 1981 1051 2023 non
1077 1982 1185 2040 per
1211 1982 1400 2026 annos
1429 1970 1684 2040 centum,
1730 1982 1844 2027 nec

215 2047 231 2060 ‘
287 2072 399 2132 per
429 2072 726 2117 annorum
748 2058 1168 2132 millenarium,
1197 2076 1323 2119 non
1348 2077 1458 2136 per
1493 2060 1682 2119 millia
1707 2061 1843 2119 mil-

288 2152 460 2225 lium,
509 2152 616 2212 sed
670 2169 781 2227 per
822 2153 998 2228 plura
1023 2154 1189 2214 mille
1235 2157 1444 2227 millia,
1502 2172 1684 2231 quam
1728 2157 1845 2215 sint

286 2262 502 2322 pennoe
547 2246 819 2305 omnium
868 2248 1231 2320 volatilium,
1277 2250 1595 2325 plusquam
1628 2251 1736 2326 pili
1787 2254 1846 2310 et

290 2339 493 2414 capilli
553 2340 825 2398 omnium
896 2341 1281 2414 animalium,
1348 2345 1670 2419 plusquam
1731 2344 1850 2404 sint

290 2450 514 2508 genera
558 2433 905 2508 bestiarum,
954 2435 1276 2494 bladorum
1323 2438 1628 2511 omnium;
1677 2438 1843 2513 plus-

292 2545 481 2602 quam
505 2528 622 2585 sint
643 2527 841 2601 ssoreS,
867 2533 924 2587 et
938 2528 1183 2602 tructus,
1211 2534 1269 2588 et
1287 2529 1433 2589 folia
1461 2531 1729 2590 omnium
1754 2547 1845 2591 ar-

292 2621 545 2693 borum3
597 2622 921 2696 plusquam
972 2638 1178 2681 omnes
1220 2623 1421 2683 herbae
1472 2640 1843 2699 camporum,

292 2714 590 2773 montium
628 2720 685 2773 et
707 2718 1015 2789 pratorum
1054 2732 1070 2772 t
1098 2715 1419 2791 plusquam
1444 2717 1560 2774 sint
1581 2717 1769 2792 lapilli
1792 2721 1849 2776 et

291 2808 558 2867 arenulas
585 2808 855 2867 omnium
871 2808 1192 2869 fluviorum
1211 2815 1268 2868 et
1295 2810 1585 2870 marium:
1608 2814 1666 2869 et
1681 2810 1847 2885 plus-

294 2917 482 2976 quam
532 2902 648 2960 sint
688 2902 752 2960 in
806 2917 1031 2962 oceano
1077 2902 1252 2976 mari,
1298 2907 1357 2962 et
1393 2905 1459 2961 in
1500 2903 1848 2964 fluminibus

294 2996 599 3069 omnibus,
627 2996 821 3071 puteis
850 3000 907 3056 et
936 2996 1196 3056 fontibus
1219 3001 1396 3071 guttae
1435 3014 1761 3073 aquarum,
1793 3003 1850 3058 et

294 3089 496 3148 adhuc
521 3089 677 3148 ultra
701 3090 825 3148 haec
852 3091 1055 3149 omnia
1076 3091 1139 3148 in
1163 3090 1479 3150 infinitum.
1510 3091 1673 3150 Unde
1700 3092 1847 3151 dici-

294 3186 395 3241 tur
423 3185 447 3221 ⁸
479 3201 495 3241 ε
534 3202 562 3237 α
584 3183 813 3241 vermis
850 3199 1060 3242 eorum
1089 3199 1215 3242 non
1241 3184 1548 3257 morietur,
1591 3190 1648 3244 et
1691 3186 1847 3259 ignis

296 3292 426 3336 non
439 3278 829 3351 extinguetur.
850 3298 881 3333 ιο
907 3280 973 3335 Et
991 3278 1054 3335 in
1069 3278 1307 3337 Cantico
1328 3279 1513 3354 Moysi
1535 3277 1559 3312 ⁴
1588 3298 1602 3338 ;
1629 3298 1660 3334 α
1690 3280 1848 3354 lgnis

295 3386 612 3430 succensus
662 3372 750 3428 est
777 3370 837 3428 in
864 3369 1062 3429 furore
1105 3387 1264 3444 meo,
1297 3375 1355 3429 et
1379 3372 1615 3433 ardebit
1656 3389 1848 3448 usque

296 3465 378 3524 ad
416 3464 629 3523 inferni
687 3465 1014 3524 novissima
1070 3485 1085 3524 :
1146 3466 1573 3541 devoravitque
1627 3470 1847 3526 terram

294 3577 437 3621 cum
474 3561 740 3635 germine
784 3577 916 3632 suo,
940 3583 968 3618 n
993 3562 1057 3620 id
1084 3566 1191 3635 est,
1228 3563 1388 3620 viros
1420 3567 1681 3620 terrenos
1708 3578 1846 3621 cum

292 3654 574 3715 omnibus
620 3655 741 3713 suis
775 3655 937 3727 filiis,
969 3674 998 3711 ι
1022 3657 1081 3714 et
1122 3655 1416 3714 montium
1461 3656 1849 3715 fundamenta

296 3749 608 3808 comburet
654 3766 670 3806 τ
712 3768 743 3805 :o
796 3748 1062 3807 radicem
1082 3792 1103 3823 ,
1156 3749 1280 3807 sive
1331 3749 1620 3808 radicalia
1661 3749 1847 3808 corda

291 3843 693 3918 superborum
729 3845 1056 3902 consumet.
1096 3863 1124 3897 α
1151 3846 1579 3902 consumentur
1621 3842 1779 3902 fame
1810 3861 1841 3899 »

292 3936 512 4009 gulosi,
548 3956 577 3991 α
605 3940 664 3994 et
696 3936 1075 3995 devorabunt
1101 3952 1205 3994 eos
1231 3953 1391 4008 aves,
1421 3957 1450 3993 n
1483 3937 1549 3995 id
1589 3940 1695 4010 est,
1727 3937 1846 3995 das-

292 4045 529 4102 mones,
554 4029 679 4088 sive
708 4029 1025 4087 infernales
1052 4033 1373 4105 serpentes,
1409 4047 1658 4090 «morsu
1686 4047 1846 4090 ama·

290 4123 548 4182 rissimo.
569 4142 604 4177 »
629 4124 920 4182 Attendite
945 4124 1143 4195 etiam,
1170 4123 1378 4182 fratres
1403 4125 1541 4197 mei,
1572 4125 1716 4200 quia
1741 4124 1844 4184 ille

292 4218 449 4292 ignis
494 4232 621 4276 non
647 4217 844 4276 solnm
872 4217 1361 4292 inextinguibiIiS,
1407 4218 1514 4276 sed
1551 4219 1727 4277 etiam
1757 4222 1845 4277 est

290 4309 781 4385 irresrigerabilis,
823 4327 960 4368 eum
992 4311 1143 4369 nibil
1177 4311 1263 4370 ibi
1296 4311 1376 4370 ad
1411 4316 1841 4387 temperamen-

291 4410 419 4464 tum
459 4405 672 4463 caloris
724 4403 936 4463 haberi
962 4405 1169 4479 possit.
1210 4408 1357 4464 Nam
1397 4409 1625 4480 guttam
1660 4423 1843 4465 unam

253 4565 258 4569 ,
290 4515 464 4574 aquas
481 4497 649 4557 dives
668 4497 770 4556 ille
788 4499 811 4534 ⁸
830 4498 1013 4573 petiit,
1032 4513 1217 4572 quam
1235 4498 1458 4558 habere
1478 4516 1602 4558 non
1620 4501 1841 4575 potuit:

302 4609 492 4669 quam
527 4592 703 4651 etiam
726 4591 776 4649 si
800 4592 1140 4667 accepisset,
1158 4592 1308 4650 nibil
1325 4593 1438 4650 sibi
1458 4594 1692 4668 penitus
1708 4611 1845 4669 pro·

289 4684 492 4744 fuisset
524 4705 539 4744 ε
572 4685 696 4744 imo
741 4685 791 4741 si
826 4683 1052 4743 fontem
1087 4686 1296 4756 totum,
1318 4685 1415 4743 vel
1441 4690 1715 4761 puteum,
1744 4688 1842 4746 vel

289 4778 622 4838 maximum
652 4777 906 4836 fluvium
951 4777 1292 4853 accepisset,
1329 4793 1442 4835 nee
1483 4778 1639 4836 sitim
1675 4779 1839 4839 illam

289 4872 655 4931 mortiferam
690 4871 1033 4944 mitigasset,
1058 4887 1170 4930 nec
1195 4871 1276 4931 ad
1310 4871 1617 4933 modicum
1642 4873 1843 4933 incen-

291 4966 460 5024 dium
506 4969 905 5040 temperasset.
977 4964 1122 5024 Dicit
1164 4965 1324 5024 enim
1381 4968 1742 5039 Augustinus
1793 4971 1836 5042 ⁶,

290 5058 462 5135 quod
512 5062 678 5118 tanta
704 5060 792 5117 est
817 5058 906 5117 vis
952 5057 1114 5117 illius
1137 5058 1315 5133 ignis,
1362 5059 1528 5134 quod
1554 5061 1606 5117 si
1648 5065 1840 5120 totum

289 5169 456 5213 mare
495 5153 561 5211 in
583 5153 783 5229 ipsum
806 5153 1036 5227 flueret,
1063 5169 1176 5213 nec
1201 5153 1398 5229 ipsum
1426 5155 1507 5213 ad
1532 5155 1841 5215 modicum

359 5302 382 5336 ι
406 5302 583 5367 erog„
610 5300 813 5366 nome„
840 5299 926 5351 ns.
953 5302 1041 5363 m,
1063 5315 1110 5354 e.
1136 5314 1322 5367 xxm,
1352 5302 1417 5354 αι.
1444 5314 1622 5366 um,
1643 5279 1697 5354 η’.
1729 5308 1835 5358 wo.

296 5401 353 5412 --
383 5373 403 5404 ²
429 5371 568 5424 Psal.
599 5383 795 5437 xum,
830 5375 907 5423 ¹5.
937 5395 999 5409 -·
1039 5371 1063 5407 ⁸
1091 5374 1208 5436 lm„
1236 5384 1384 5433 uvr,
1415 5377 1493 5426 211.
1526 5402 1583 5413 —
1619 5374 1639 5406 ⁴
1669 5376 1835 5441 Dent„

293 5447 554 5513 xxxu,·22
576 5446 630 5495 et
653 5456 765 5515 seq.
793 5468 856 5481 -
879 5444 899 5475 ⁸
923 5444 1061 5512 Luc„
1091 5455 1180 5509 xv,
1207 5447 1375 5501 24-25.
1403 5468 1464 5484 --
1492 5448 1511 5477 ⁸
1538 5449 1751 5513 August.
1776 5472 1839 5487 -

1943 653 2313 726 temperaret.
2372 651 2470 709 Est
2507 647 2667 707 enim
2709 647 2986 724 quasdam
3035 646 3189 722 ignis
3241 646 3489 722 species,

1946 761 2080 821 quae
2131 747 2307 803 etiam
2355 744 2420 801 in
2468 756 2629 818 aqua
2683 741 2869 815 ardet,
2917 741 3066 800 sicut
3108 741 3174 799 in
3217 740 3493 815 Legenda

1945 840 2129 897 sancti
2157 839 2380 898 Nicolai
2398 838 2629 897 dicitur.
2661 837 2847 911 Unde,
2871 837 2920 895 si
2938 837 3154 912 aliquis
3181 835 3494 895 damnato·

1943 948 2079 990 rum
2107 932 2173 990 in
2198 933 2349 991 mari
2389 932 2693 1009 profundo
2736 936 3088 1006 poneretur,
3118 930 3205 989 ibi
3242 930 3321 988 ab
3349 929 3486 1004 igne

1943 1027 2339 1100 torqueretur.

2014 1121 2220 1178 Sextus
2259 1119 2414 1192 ignis
2460 1122 2544 1178 est
2572 1118 2724 1193 ignis
2769 1117 3107 1191 glorificans
3159 1121 3218 1175 et
3257 1114 3490 1175 beatifi-

1944 1229 2107 1272 cans,
2138 1217 2201 1271 Et
2234 1212 2330 1271 hic
2356 1212 2513 1285 ignis
2537 1212 2709 1269 estin
2737 1210 2909 1284 coelo,
2944 1211 3051 1268 ubi
3077 1207 3313 1269 vita‘est
3351 1215 3494 1269 Bea-

1943 1312 2171 1381 torum3
2203 1322 2314 1365 nec
2341 1310 2428 1364 est
2449 1305 2613 1364 aliud
2637 1320 2819 1381 quam
2845 1306 3120 1377 charitaS,
3144 1306 3268 1363 sive
3299 1319 3492 1377 amor,

1943 1417 2070 1459 non
2100 1398 2180 1459 ad
2203 1400 2455 1459 modum
2469 1400 2623 1473 vitae,
2645 1399 2752 1457 sed
2770 1400 2973 1474 patriae
3000 1416 3014 1456 ε
3047 1414 3188 1457 nam
3215 1398 3312 1458 hic
3329 1412 3496 1457 sanc-

1945 1498 2038 1553 tus
2064 1495 2216 1569 ignis
2234 1495 2297 1553 in
2323 1495 2421 1553 via
2449 1500 2535 1553 est
2560 1510 2804 1570 parvus,
2832 1493 3211 1568 imperfectus
3238 1497 3295 1550 et
3313 1492 3493 1550 dimi-

1944 1595 2151 1663 nutus3
2194 1589 2387 1647 sedin
2413 1589 2604 1663 patria
2635 1591 2721 1645 est
2748 1603 3036 1657 summus,
3083 1592 3138 1645 et
3158 1602 3496 1662 usquequa-

1946 1700 2064 1758 que
2088 1684 2397 1758 perfectus.
2425 1681 2588 1739 Unde
2616 1680 2828 1739 dicitur
2855 1681 2878 1719 '¹
2909 1700 2922 1736 ε
2958 1700 2989 1735 α
3019 1680 3170 1738 Vivit
3190 1679 3491 1752 DominuS,
3574 1695 3679 1739 sion

1945 1779 2114 1851 cujus
2145 1777 2298 1850 ignis
2324 1781 2411 1835 est
2447 1778 2508 1833 in
2536 1776 2700 1846 Sion,
2730 1777 2787 1833 et
2824 1775 3093 1833 caminus
3119 1774 3182 1832 in
3227 1775 3494 1833 Hierusa-
3563 1757 3687 1813 ΨΜ·

1945 1871 2086 1930 lem.
2115 1892 2144 1926 ν
2176 1871 2345 1942 Sion,
2388 1887 2522 1946 quse
2543 1870 2955 1944 interpretatur
2981 1872 3207 1942 Speculo
3228 1912 3242 1938 ,
3270 1872 3356 1926 est
3379 1867 3493 1925 mi-

1945 1965 2122 2023 litans
2156 1964 2430 2037 Ecclesia,
2459 1964 2525 2021 in
2564 1979 2685 2039 qua
2712 1962 2963 2022 charitas
2990 1967 3074 2022 est
3098 1961 3360 2030 modica,
3401 1960 3495 2018 illi

1947 2058 2214 2117 charitati
2265 2058 2470 2131 glorias
2522 2060 2884 2133 comparata.
2940 2056 3056 2116 Sed
3096 2054 3489 2127 Hierusalem,
3581 2068 3735 2113 niom-

1948 2169 2083 2227 quae
2098 2155 2240 2210 visio
2258 2157 2409 2224 pacis
2427 2156 2512 2209 est
2530 2152 2926 2224 interpretata,
2940 2154 3026 2208 est
3041 2148 3288 2207 coelestis
3306 2148 3492 2220 curia,
3556 2132 3697 2250 ’ἓξὲξ

1947 2245 2070 2304 sive
2098 2245 2468 2319 triumphans
2495 2244 2768 2315 Ecclesia,
2818 2242 2925 2301 ubi
2950 2248 3036 2302 est
3061 2243 3312 2302 charitas
3347 2258 3491 2301 con·

1949 2343 2263 2409 summata,
2285 2339 2437 2397 etad
2462 2340 2645 2395 instar
2670 2337 2885 2395 camini
2907 2337 2968 2395 in
2998 2339 3337 2396 sanctorum
3364 2352 3494 2395 cor-

1951 2433 2130 2490 dibus
2157 2432 2542 2491 inssammata.
2558 2435 2603 2492 O
2622 2433 2838 2507 qualis,
2863 2447 3046 2507 quam
3072 2432 3288 2504 suavis,
3310 2445 3496 2507 quam

1953 2526 2248 2597 amabilis,
2276 2543 2460 2601 quam
2482 2525 2896 2585 desiderabilis
2925 2529 3010 2583 est
3035 2525 3141 2583 iste
3168 2525 3343 2600 ignis,
3391 2525 3498 2600 qui

1951 2624 2186 2679 sanctos
2211 2620 2494 2693 vivificat,
2530 2624 2764 2678 sanctos
2790 2618 3063 2686 laetificat,
3099 2622 3335 2677 sanctos
3366 2619 3498 2692 glo-

1949 2715 2160 2787 rificat,
2215 2720 2449 2774 sanctos
2503 2715 2566 2772 in
2596 2715 2763 2774 bono
2810 2717 3139 2784 conservat,
3186 2719 3244 2771 et
3268 2714 3501 2773 sanctos

1951 2808 2256 2867 stabilitet
2302 2808 2615 2867 confirmat
2641 2811 2656 2866 l
2689 2808 2829 2878 Quis
2876 2822 3000 2865 non
3052 2807 3299 2866 deberet
3344 2807 3498 2866 velle

1951 2901 2067 2961 hoc
2082 2902 2267 2976 frigus
2281 2903 2404 2978 pati
2409 2944 2429 2974 ,
2455 2902 2610 2962 velle
2627 2902 2878 2977 penuria
2891 2916 3091 2960 rerum
3110 2901 3315 2975 affligi,
3346 2901 3499 2959 velle

1950 2996 2262 3056 laboribus
2288 2996 2499 3072 premi,
2530 3000 2589 3054 et
2611 2997 2786 3067 velle,
2814 3011 2875 3054 se
2899 2994 3183 3054 offerente
3211 2999 3498 3070 tempore,

1953 3094 2012 3149 et
2038 3090 2494 3167 opportunitate,
2520 3091 2697 3162 mori,
2723 3095 2788 3149 ut
2812 3092 3012 3165 posset
3030 3088 3356 3164 aliquando
3381 3090 3500 3146 hoc

1954 3184 2299 3243 dulcissimo
2354 3184 2477 3257 igni
2520 3183 2798 3242 succendi
2830 3184 2860 3240 ἲ
2897 3186 3025 3242 Non
3068 3187 3154 3240 est
3193 3182 3290 3240 hic
3344 3182 3500 3256 ignis

1952 3277 2279 3352 devorans,
2333 3278 2438 3337 sed
2468 3292 2825 3336 conservans
2833 3296 2852 3351 3
2908 3292 3031 3335 non
3060 3276 3360 3350 affligens,
3394 3276 3503 3335 sed

1954 3372 2251 3431 delectans
2285 3390 2301 3429 :
2333 3387 2458 3431 non
2501 3371 2657 3429 sitim
2684 3387 2856 3445 aquae
2881 3364 3191 3443 generans,
3236 3369 3343 3428 sed
3367 3386 3501 3445 per-

1950 3466 2098 3525 fecte
2150 3466 2402 3539 satians3
2450 3465 2636 3524 solius
2674 3464 2822 3524 boni
2863 3464 3081 3523 summi
3137 3463 3502 3522 desiderium

1951 3575 2089 3618 cum
2107 3559 2390 3630 satietate,
2417 3563 2476 3617 et
2498 3560 2819 3618 satietatem
2849 3575 2987 3617 cum
3005 3557 3301 3617 desiderio
3324 3572 3501 3630 gene-

1949 3668 2108 3711 rans.
2151 3656 2449 3725 Rogemus
2468 3696 2487 3725 ,
2541 3657 2649 3711 etc.
2705 3652 2795 3713 Ad
2841 3653 3002 3711 huno
3047 3668 3159 3711 nos
3208 3652 3503 3728 perducat

1951 3746 2227 3805 Christus
2251 3746 2460 3805 Amen.

2538 3904 2796 3967 SERMO
2839 3904 2914 3965 ΙΙ.

2021 4033 2153 4102 ane
2178 4044 2262 4086 me
2289 4030 2641 4097 amasti,
2696 4034 2747 4086 et
2786 4044 2895 4085 non
2938 4029 3266 4086 estimenta
3314 4032 3378 4087 in
3415 4044 3500 4088 me

1947 4123 2220 4195 iniquitas
2240 4123 2282 4180 ⁸.
2310 4125 2465 4181 lnter
2499 4122 2703 4180 omnia
2729 4121 3020 4179 elementa
3043 4121 3199 4194 ignis
3236 4122 3497 4182 maxime

1950 4220 2038 4275 est
2084 4216 2330 4287 activus,
2380 4231 2452 4274 eo
2481 4214 2649 4290 quod
2700 4215 2837 4289 plus
2884 4215 3110 4274 coeteris
3146 4215 3365 4275 habeat
3420 4216 3496 4276 de

1946 4309 2163 4381 forma,
2202 4313 2261 4367 et
2285 4310 2481 4366 minus
2517 4308 2593 4368 de
2629 4307 2897 4367 materia.
2941 4312 3008 4367 Et
3041 4313 3290 4381 constat,
3329 4310 3499 4385 quod

1950 4402 2146 4462 omnis
2171 4403 2326 4462 actio
2356 4406 2441 4461 est
2469 4419 2506 4461 a
2531 4403 2728 4461 forma
2744 4444 2766 4475 ,
2793 4402 2943 4461 sicut
2969 4419 3149 4461 omne
3173 4418 3348 4478 posse
3373 4403 3497 4478 pati

1948 4499 2038 4555 est
2063 4513 2100 4556 a
2127 4496 2391 4556 materia.
2420 4496 2585 4554 Unde
2615 4495 2876 4556 Isidorus
2903 4494 3049 4554 dicit
3073 4496 3116 4566 ⁹,
3148 4496 3317 4571 quod
3340 4496 3495 4568 ignis

1948 4594 2036 4649 est
2084 4590 2414 4649 fortissimas
2462 4590 2711 4648 actionis
2739 4633 2758 4664 ,
2812 4605 3169 4648 consumens
3221 4588 3497 4648 universa

1947 4701 2082 4760 quae
2108 4684 2279 4759 rapit.
2303 4687 2451 4743 Cum
2470 4683 2631 4742 enim
2652 4682 2726 4741 sit
2743 4683 2972 4742 calidus
2987 4683 3050 4740 in
3067 4683 3279 4742 ultimo
3301 4684 3498 4758 quarti

1946 4777 2204 4851 gradus,
2242 4778 2390 4836 nihil
2431 4794 2504 4836 eo
2542 4781 2884 4852 potestesse
2923 4778 3206 4851 calidius3
3249 4795 3360 4837 nec
3387 4793 3496 4853 per

1947 4887 2323 4946 consequens
2345 4868 2606 4929 activum
2645 4887 2717 4930 eo
2763 4873 3020 4948 amplius
3053 4890 3068 4930 ι
3097 4873 3307 4943 immo,
3356 4887 3494 4929 cum

1948 4981 2133 5023 omne
2157 4964 2419 5023 calidum
2447 4964 2524 5023 ab
2545 4965 2683 5038 igne
2696 4964 2916 5024 habeat
2935 4966 3007 5039 (a)
3024 4969 3088 5023 ut
3105 4965 3180 5024 sit
3195 4964 3489 5023 calidum:

1950 5073 2091 5116 cum
2115 5057 2200 5131 id,
2233 5074 2359 5133 quo
2388 5059 2865 5133 unumquodque
2911 5062 2998 5116 est
3037 5057 3177 5131 tale,
3206 5059 3264 5116 et
3294 5059 3494 5132 ipsum

1946 5151 2021 5210 sit
2044 5151 2233 5225 magis
2256 5151 2371 5210 tale
2387 5151 2454 5225 ¹⁰,
2478 5151 2634 5227 ignis
2660 5151 3017 5210 elementum
3036 5167 3265 5209 sumne
3288 5155 3381 5209 est
3391 5168 3493 5211 ea-

1942 5288 1965 5325 '1
1996 5288 2116 5350 ssu„
2150 5297 2301 5349 xxxx,
2327 5288 2375 5338 9.
2397 5312 2462 5324 -
2492 5288 2512 5317 ⁸
2540 5284 2679 5336 Peal.
2716 5297 2824 5348 xvl,
2853 5287 2901 5336 3.
2926 5310 2979 5321 -
3015 5285 3035 5315 ⁸
3066 5282 3207 5349 leid„
3239 5285 3483 5351 Etymol„

1944 5360 2037 5412 lib.
2067 5361 2131 5420 x,
2159 5373 2209 5410 c.
2234 5371 2345 5411 xvr.
2369 5384 2433 5396 -
2460 5359 2504 5395 ¹⁰
2528 5358 2705 5422 Arist„
2730 5359 2938 5423 poster„
2969 5356 3055 5418 lib.
3089 5359 3127 5420 1,
3156 5360 3299 5410 cont.
3328 5360 3379 5419 2.

2011 5442 2083 5513 (α)
2113 5444 2235 5496 Cat.
2264 5444 2388 5496 edit.
2415 5444 2681 5501 habeatur.
