4059 6317
833 470 918 539 IN
960 466 1386 541 CATHEDRA
1424 464 1491 534 S.
1538 458 1774 535 PETRI
1816 462 2228 539 Apos'wu.
2274 466 2539 537 SERMO
2582 465 2634 536 I.

145 611 323 673 modo
347 610 661 688 pervenire
687 608 768 671 ad
799 607 1052 683 gloriam
1078 601 1499 680 concupiverit.
1522 598 1680 659 Acci·

3206 476 3317 545 331

1790 600 1960 675 quod
1999 600 2265 662 divinam
2306 607 2581 667 naturam
2630 603 2696 663 in
2746 605 2975 668 Christo
3026 609 3330 673 confessus

146 706 346 782 piebat
371 705 533 765 enim
569 704 722 763 illud
757 704 873 762 sibi
900 702 1123 761 dictum
1145 707 1158 735 ¹
1188 719 1203 757 ι
1238 720 1269 755 α
1287 696 1443 783 Porti
1480 696 1681 755 animo
1787 692 1996 753 fuerat.
2017 696 2164 755 Nam
2181 698 2323 771 quia
2345 699 2635 759 Christum
2660 703 2845 759 Deum
2870 718 2999 763 esse
3026 706 3329 779 cognovit,

0 810 126 851 Exom-
149 806 290 873 esto,
312 798 669 877 inproximo
691 801 796 870 est,
818 801 883 855 ut
904 812 941 855 a
961 799 1078 854 Deo
1103 794 1342 854 cureris,
1363 813 1391 848 ι»
1417 789 1531 849 Sed
1551 787 1682 864 qui·

0 886 61 917 ¹¹¹¹·
149 895 285 957 dam
307 895 534 953 fortiter
557 893 866 967 incipiunt,
898 893 958 949 et
983 894 1117 949 ante
1144 888 1326 948 finem
1355 884 1636 945 deficiunt
1666 900 1681 939 :

150 991 367 1051 similes
384 989 697 1065 leopardo,
736 988 840 1064 qui
867 987 1015 1046 dum
1044 985 1294 1044 bestiam
1335 982 1530 1041 statim
1561 994 1688 1037 non

151 1086 325 1163 capit,
365 1086 640 1156 bestiam,
675 1084 758 1143 ad
802 1098 985 1158 quam
1027 1081 1228 1153 currit,
1268 1095 1412 1138 mox
1454 1074 1690 1150 insequi

151 1182 382 1253 desinit,
411 1184 468 1239 et
492 1178 584 1238 sui
622 1193 827 1236 cursus
859 1176 1117 1235 fructum
1149 1190 1276 1232 non
1298 1170 1528 1245 accipit.
1552 1168 1689 1228 Nul-

149 1275 271 1335 lam
313 1288 585 1349 unquam
628 1271 924 1329 civitatem
975 1267 1309 1329 Alexander
1350 1262 1606 1335 obsedit,
1654 1278 1692 1322 a

135 1369 318 1442 -quus
354 1365 669 1426 obsidione
709 1364 1043 1435 cessaverit,
1075 1362 1190 1423 nisi
1235 1377 1369 1419 eam
1403 1359 1568 1435 prius
1596 1373 1691 1415 ce-

150 1461 320 1538 perit,
363 1461 553 1520 sciens
599 1474 843 1517 omnem
876 1457 1121 1517 laudem
1165 1470 1239 1514 ex
1274 1454 1395 1512 fine
1440 1468 1583 1510 esse.
1628 1453 1696 1509 Et

151 1556 291 1615 ideo
315 1555 576 1633 ploravit
601 1552 788 1615 David
812 1551 1163 1611 fortissimos
1192 1548 1400 1620 lsrael,
1428 1546 1533 1623 qui
1559 1548 1694 1604 ante

151 1647 462 1709 victoriam
487 1664 692 1707 coram
719 1646 973 1707 inimicis
1018 1646 1391 1714 corruerant3
1430 1639 1694 1701 dicebat-

155 1761 274 1821 que
294 1745 319 1780 ¹
348 1763 363 1803 ε
400 1765 428 1800 ι
445 1742 759 1815 Quomodo
788 1741 1126 1801 ceciderunt
1149 1738 1369 1798 fortes?
1393 1738 1633 1807 Montes,
1661 1754 1692 1790 s

155 1839 350 1915 inquit
360 1841 405 1911 ⁸,
429 1838 714 1910 «Gelboe,
742 1852 854 1895 nec
875 1851 999 1906 ros,
1017 1850 1129 1892 nec
1154 1831 1363 1908 pluvia
1384 1830 1586 1890 veniat
1599 1845 1699 1887 su-

154 1949 261 2009 per
290 1949 421 2006 vos,
438 1932 585 2008 quia
609 1932 697 1990 ibi
723 1931 987 2005 abjectus
1011 1931 1101 1988 est
1118 1928 1363 2006 clypeus
1387 1923 1648 1983 fortium.
1665 1942 1696 1979 ι

156 2029 390 2100 Montes,
429 2042 607 2102 super
647 2041 802 2101 quos
834 2040 947 2083 nec
985 2039 1075 2081 ros
1110 2018 1551 2090 misericordiae,
1589 2032 1703 2075 nec

152 2124 354 2196 pluvia
391 2119 593 2194 gratiae
636 2117 973 2188 descendit,
1017 2119 1154 2177 sunt
1186 2115 1435 2174 diversae
1480 2110 1705 2186 species

158 2213 477 2289 superbiae,
499 2229 610 2289 per
637 2229 786 2288 quas
816 2209 1118 2271 fortissimi
1159 2208 1382 2283 quique
1411 2204 1704 2279 dejiciun-

158 2312 257 2366 tur
287 2307 355 2366 in
390 2311 663 2366 mortem.
695 2304 1038 2379 sicutenim
1063 2301 1366 2361 humilitas
1397 2299 1705 2359 hominem

158 2402 358 2461 elevat
395 2405 453 2460 et
493 2400 767 2473 custodit,
800 2399 886 2458 sic
926 2397 1206 2474 superbia
1231 2395 1431 2469 dejicit
1457 2397 1513 2452 et
1548 2393 1707 2452 tran-

160 2496 267 2571 git.
309 2498 379 2555 Et
404 2495 543 2555 ideo
568 2495 746 2557 beata
770 2493 1017 2567 Agatha,
1047 2507 1185 2550 cum
1225 2494 1374 2548 esset
1407 2486 1628 2546 nobilis
1653 2489 1712 2545 et

154 2590 452 2666 ingenua,
489 2589 554 2649 in
593 2588 874 2649 omnibus
906 2586 1224 2645 incedebat
1258 2583 1429 2660 quasi
1472 2581 1709 2643 ancilla.

159 2684 336 2745 Unde
375 2683 460 2742 ait
495 2684 581 2745 ad
620 2699 756 2742 eam
782 2681 1129 2753 Quintianus
1160 2698 1175 2737 ε
1217 2699 1246 2733 α
1266 2679 1325 2737 Si
1363 2678 1624 2751 ingenua
1650 2692 1712 2734 es

160 2784 220 2838 et
253 2778 501 2850 nobilis,
527 2791 712 2851 quare
748 2774 1026 2851 servilem
1059 2787 1379 2848 personam
1420 2775 1476 2830 te
1518 2773 1715 2829 osten-

160 2873 300 2933 dis?
319 2893 348 2927 n
382 2871 490 2935 cui
516 2870 622 2931 ina
650 2888 665 2928 z
698 2888 727 2924 «
745 2868 895 2939 Quia
916 2867 1134 2927 ancilla
1159 2866 1365 2925 Christi
1391 2882 1547 2938 sum,
1574 2863 1714 2923 ideo

158 2966 447 3027 servilem
484 2978 804 3039 personam
835 2978 935 3021 me
972 2961 1195 3020 habere
1235 2958 1507 3019 ostendo.
1534 2979 1562 3017 ι
1598 2961 1715 3017 Ro·

161 3076 385 3136 gemus
411 3074 557 3132 ergo
585 3057 921 3132 Dominum,
952 3059 1061 3116 etc.

254 3259 341 3335 IN
385 3256 806 3335 oATflEDRA
851 3255 915 3335 S.
961 3255 1187 3330 PETRI
1235 3251 1626 3329 APOSTOLI.

559 3440 569 3452 ·
648 3409 905 3473 SERMO
939 3408 1253 3471 PRIMUS.

237 3536 453 3593 Beatus
475 3547 556 3603 ss,
588 3530 774 3589 Simon
798 3531 1041 3602 Βωῇοπα
1066 3548 1081 3585 :
1111 3531 1246 3602 quia
1266 3543 1390 3587 caro
1417 3530 1470 3585 et
1499 3529 1725 3599 sanquis

158 3644 278 3686 non
298 3626 566 3685 revelavit
595 3626 719 3697 tibi,
741 3624 837 3682 sed
861 3626 1022 3682 Pater
1046 3638 1208 3695 meus,
1230 3625 1425 3695 quisse
1444 3622 1661 3678 incoelis
1678 3621 1722 3679 ⁴.

160 3721 489 3796 Duplicem
517 3717 943 3777 beatitudinem
972 3733 1121 3789 esse,
1150 3732 1187 3775 a
1222 3715 1532 3791 scripturis
1557 3731 1726 3775 acce-

157 3815 379 3890 pimus
413 3831 429 3871 ε
457 3827 644 3871 unam
674 3810 807 3883 vioe,
833 3810 1081 3871 alteram
1105 3810 1331 3886 patriae.
1359 3812 1508 3869 Nam
1540 3808 1729 3869 beati-

159 3907 326 3969 tudo
356 3905 468 3966 viae
486 3903 746 3964 consistit
767 3904 829 3962 in
846 3902 1214 3979 plenitudine
1235 3903 1592 3978 gratiarum3
1624 3901 1730 3960 sed

157 3999 492 4062 beatitudo
511 3999 718 4075 patriae
740 4002 828 4058 est
854 4015 979 4057 esse
1011 3998 1376 4073 gloriosum,
1402 3998 1730 4058 secundum

157 4101 288 4155 tres
320 4093 500 4153 dotes
524 4092 882 4167 animarum,
915 4109 1050 4167 quae
1077 4097 1213 4151 sunt
1241 4092 1412 4159 visio,
1441 4094 1731 4166 quantum

158 4190 248 4249 ad
277 4187 622 4265 potentiam
655 4185 1041 4259 rationalem5
1081 4184 1293 4259 tensio,
1332 4188 1623 4261 quantum
1651 4185 1733 4247 ad

155 4279 577 4355 irascibilem3
608 4283 666 4338 et
692 4279 952 4351 dilectio,
981 4285 1271 4356 quantum
1312 4280 1394 4339 ad
1428 4282 1737 4355 concupis-

157 4376 448 4437 cibilem.
505 4374 764 4433 verbum
810 4390 978 4448 ergo,
1033 4373 1201 4449 quod
1256 4374 1537 4436 Dominus
1591 4373 1737 4434 dixit

155 4474 377 4541 Patre,
420 4470 623 4543 posset
660 4469 879 4543 exponi
921 4468 998 4527 de
1040 4472 1292 4542 utraque
1329 4467 1733 4533 beatitudinez

156 4565 282 4626 sed
312 4562 567 4639 proprie
606 4561 888 4637 accipitur
927 4561 1002 4620 de
1035 4561 1399 4621 beatitudine
1432 4562 1568 4637 viae,
1600 4578 1738 4620 cum

154 4659 391 4720 adhuc
418 4659 571 4715 esset
593 4654 658 4717 in
692 4659 846 4717 statu
881 4655 1122 4715 militiae.
1160 4654 1326 4714 Dicat
1352 4656 1422 4731 (a)
1451 4671 1594 4729 ergo
1624 4658 1738 4714 Do-

154 4754 390 4817 minus
423 4768 438 4809 :
467 4751 669 4809 Reum
697 4765 782 4821 cs,
809 4750 1027 4820 Simon3
1055 4748 1118 4809 in
1155 4766 1277 4824 quo
1314 4749 1532 4822 verbo,
1560 4765 1741 4823 gene-

153 4850 396 4915 ralitor
429 4845 518 4907 stc
564 4848 830 4921 accepto,
872 4843 1132 4905 maxime
1172 4846 1342 4903 notat
1384 4844 1506 4903 duo
1537 4863 1553 4902 ε
1597 4859 1742 4903 nam

151 4945 392 5021 primo
449 4938 707 4999 ostendit
756 4939 884 5013 ejus
929 4937 1344 4998 excellentiam
1393 4938 1741 5010 virtuosam,

155 5053 302 5117 qua
336 5034 543 5101 clatus
577 5035 638 5093 et
676 5033 888 5099 boatum
926 5031 1204 5108 apparuit
1210 5050 1230 5108 3
1268 5033 1532 5099 secundo
1563 5032 1744 5105 hujus

157 5125 559 5192 excellentias
603 5122 897 5184 rationem
940 5123 1220 5198 assignat,
1263 5127 1322 5184 et
1361 5139 1623 5198 causam,
1669 5138 1743 5181 eo

231 5279 252 5314 ι
296 5271 451 5332 τοὺ..
481 5271 640 5335 v,13.
671 5297 726 5308 -
755 5271 776 5302 ²
805 5271 848 5322 ιι
878 5270 1019 5335 aeq„
1047 5282 1099 5333 1,
1128 5272 1208 5321 ιο.
1240 5296 1305 5311 -
1340 5271 1364 5306 ⁸
1390 5237 1654 5334 massi.
1681 5296 1745 5308 -

155 5353 183 5389 ὁ
219 5345 457 5404 nauh„
485 5353 596 5407 xvr,
625 5343 703 5393 ¹7.
734 5369 789 5379 -
817 5344 841 5379 ⁸
868 5342 1019 5406 ibid„
1049 5352 1120 5406 tv,
1149 5343 1312 5394 584⁰.
1344 5368 1409 5381 —
1438 5343 1461 5374 ⁸
1486 5344 1662 5407 Greg„
1691 5342 1746 5393 in

157 5422 421 5483 Buanq„
446 5412 590 5465 hom.
619 5424 670 5475 v,
697 5428 752 5465 n.
781 5419 831 5464 1.

1791 790 1849 845 et
1888 788 2005 847 hoc
2054 790 2353 851 confessus
2405 791 2537 864 fuit,
2582 794 2785 853 dicens
2815 815 2830 854 ε
2866 799 2946 855 Tu
2981 814 3036 856 es
3085 800 3330 859 Christus

1787 884 1940 954 filius
1970 886 2071 940 Dei
2096 887 2242 954 vivi;
2272 886 2410 944 ideo
2451 887 2656 947 audire
2696 905 2870 949 versa
2911 891 3040 950 vice
3068 895 3285 954 meruit
3313 915 3328 953 :

1792 976 1992 1033 Beatus
2029 993 2082 1034 es
2095 1020 2116 1049 ,
2154 978 2340 1035 Simon
2363 981 2662 1039 Bar-Iona.
2693 982 2888 1042 Primo
2924 1001 3069 1059 ergo
3096 990 3335 1049 notatur

1796 1068 1921 1141 ejus
1967 1070 2262 1129 excellens
2302 1072 2586 1146 felicitas,
2633 1091 2771 1134 cum
2816 1077 3029 1139 dicitur
3073 1099 3089 1137 :
3137 1085 3335 1141 Beatus

1797 1180 1870 1228 es.
1910 1164 2099 1223 Simon
2134 1168 2446 1240 Βαν-Ιοηας
2484 1170 2746 1231 secundo
2781 1177 3012 1233 notatur
3050 1174 3337 1237 felicitatis

1797 1260 1970 1315 tantoe
2019 1260 2351 1332 causalitas,
2405 1278 2543 1331 cum
2587 1263 2828 1324 additur
2857 1269 3050 1337 :Quia
3093 1286 3239 1342 caro,
3284 1276 3338 1329 et

1798 1355 2021 1423 sanquis
2050 1369 2156 1411 non
2191 1356 2455 1413 revelavit
2481 1358 2604 1415 tibi.
2634 1360 2730 1416 Est
2753 1357 2953 1432 igitur,
2978 1361 3136 1422 circa
3162 1364 3341 1424 totale

1797 1445 1915 1506 hoc
1933 1448 2187 1511 verbum
2214 1451 2290 1509 de
2307 1451 2566 1526 Simone,
2591 1456 2946 1530 notandum,
2976 1458 3143 1533 quod
3165 1460 3344 1519 nobis

1802 1542 2131 1601 ostenditur
2163 1545 2521 1605 venerabilis
2555 1552 2800 1623 propter
2837 1550 3013 1626 plura
3050 1569 3183 1627 quoe
3209 1569 3343 1628 ges-

1803 1637 1912 1703 sit:
1942 1654 2085 1699 nam
2109 1638 2307 1715 primo
2345 1639 2598 1714 legimus
2631 1643 2792 1703 hunc
2828 1646 3231 1706 venerabilem
3258 1648 3346 1709 Si·

1803 1747 2046 1790 monem
2074 1738 2318 1808 propter
2341 1735 2631 1795 Christum
2659 1738 2863 1798 omnia
2890 1740 3345 1816 relinquentem,

1803 1823 2039 1901 ipsique
2065 1843 2173 1902 per
2196 1829 2401 1891 omnia
2425 1830 2888 1905 obsequentem3
2910 1836 3174 1897 secundo
3196 1836 3350 1910 legi·

1806 1935 1941 1976 mus
1986 1920 2289 1980 Simonem
2333 1927 2607 1983 naturam
2663 1925 2930 1986 divinam
2978 1928 3045 1986 in
3098 1930 3349 1990 Domino

1809 2012 2222 2090 confitentem;
2246 2016 2417 2076 tertio
2441 2017 2698 2091 legimus
2730 2021 3034 2081 Simonem
3060 2024 3353 2083 Christum

1809 2123 1932 2181 proe
1964 2107 2183 2167 caeteris
2219 2109 2562 2184 diligentem
2573 2131 2594 2184 3
2625 2117 2835 2188 quarto
2875 2116 3129 2189 legimus
3166 2117 3354 2178 Simo·

1810 2216 1951 2260 nem
1976 2218 2101 2277 prae
2128 2204 2345 2263 caeteris
2371 2205 2603 2279 majora
2627 2206 2916 2268 miracula
2939 2209 3270 2271 facientem.

1884 2295 2023 2354 Dico
2051 2299 2248 2371 primo
2289 2298 2457 2372 quod
2495 2299 2748 2374 legimus
2788 2303 3089 2365 Simonem
3124 2305 3205 2366 ad
3230 2307 3356 2381 pri-

1815 2405 1979 2447 mam
2005 2406 2218 2448 vocem
2245 2392 2476 2451 Domini
2511 2395 2714 2453 omnia
2750 2395 3205 2472 relinquentem,
3231 2400 3360 2473 ejus

1816 2498 1958 2541 mox
1986 2482 2239 2558 imperio
2270 2485 2699 2561 obsequentem
2726 2508 2741 2547 ε
2771 2490 2975 2550 Simon
3000 2492 3161 2551 enim
3184 2492 3363 2553 inter-

1816 2579 2081 2656 pretatur
2108 2579 2374 2638 obediens.
2403 2583 2472 2639 Et
2494 2580 2634 2640 ideo
2663 2598 2788 2642 non
2814 2585 3055 2659 mirum,
3080 2587 3133 2644 si
3163 2588 3360 2647 statim

1820 2670 2144 2745 obediens,
2199 2675 2521 2750 omniaque
2572 2682 2955 2737 contemnens
2968 2722 2991 2752 ,
3047 2682 3362 2742 Dominum

1821 2769 2134 2825 vocantem
2171 2768 2483 2827 audiverit.
2525 2770 2690 2829 Unde
2731 2770 2983 2831 dicitur⁸
3020 2790 3037 2832 :
3081 2793 3111 2831 ι
3135 2776 3363 2835 Ambu-

1822 2859 1954 2919 lans
1978 2864 2143 2920 lesus
2163 2863 2334 2937 juxta
2373 2882 2537 2925 mare
2566 2867 2832 2942 Galiloeoe,
2861 2870 3011 2930 vidit
3041 2871 3366 2947 Simonem,

1825 2954 1929 3028 qui
1963 2961 2210 3014 vocatur
2249 2961 2476 3033 Petrus,
2517 2963 2575 3019 et
2609 2961 2908 3022 Andream
2938 2963 3177 3024 fratrem
3216 2968 3366 3040 ejus,

1825 3049 2119 3109 mittentes
2144 3055 2264 3111 rete
2290 3053 2355 3111 in
2391 3071 2578 3129 mare,
2607 3062 2666 3116 et
2701 3059 2938 3117 vocavit
2976 3075 3080 3119 eos
3113 3060 3318 3121 dicens
3349 3080 3366 3122 t

1825 3144 2027 3203 Venite
2055 3149 2192 3220 post
2230 3162 2351 3220 me,
2376 3147 2593 3209 faciam
2622 3167 2733 3210 vos
2758 3152 2888 3212 fieri
2911 3153 3233 3229 piscatores
3259 3155 3372 3215 ho·

1828 3236 2081 3298 minum.
2109 3242 2180 3299 At
2216 3239 2306 3299 illi
2344 3243 2625 3304 continuo
2661 3245 2876 3306 relictis
2909 3247 3163 3321 retibus,
3192 3251 3372 3309 secuti

1830 3335 1968 3390 sunt
2014 3349 2173 3393 eum.
2198 3354 2228 3391 ι
2266 3335 2408 3396 Mira
2446 3338 2810 3412 obedientia,
2838 3357 2972 3416 quae
3006 3342 3156 3400 nihil
3202 3342 3375 3416 dixit,

1831 3424 2103 3486 inducias
2124 3428 2320 3488 nullas
2336 3430 2524 3505 petiit,
2541 3432 3077 3508 impossibilitatem
3094 3452 3217 3495 non
3233 3437 3377 3496 alle-

1831 3521 2015 3593 gavit,
2045 3522 2149 3580 sed
2174 3540 2323 3582 mox
2349 3526 2629 3585 omnibus
2653 3527 2870 3587 relictis
2898 3533 3034 3604 post
3062 3531 3379 3591 Dominum

1834 3614 1961 3673 ivit.
1999 3616 2165 3676 Unde
2190 3619 2516 3679 admiratur
2539 3623 2855 3696 Gregorius
2878 3620 3085 3685 'dicens
3111 3628 3168 3686 ⁶:
3204 3646 3234 3684 α
3260 3633 3379 3688 Au-

1837 3708 2023 3782 distis,
2050 3709 2256 3770 fratres
2281 3713 2627 3789 charissimi,
2659 3717 2828 3792 quod
2853 3720 2934 3777 ad
2965 3720 3143 3780 unius
3161 3722 3380 3795 iussio-

1835 3802 1928 3860 nis
1952 3819 2163 3862 vocem
2201 3808 2402 3865 Petrus
2438 3812 2496 3867 et
2518 3811 2807 3884 Andreas,
2833 3812 3050 3871 relictis
3077 3816 3378 3887 omnibus,

1839 3898 2024 3955 secuti
2073 3905 2209 3957 sunt
2249 3899 2726 3976 Redemptorem.
2793 3906 2968 3965 Nulla
3029 3923 3173 3966 vero
3225 3898 3383 3968 hunc

1842 3990 2040 4050 adhuc
2066 3993 2356 4053 miracula
2376 3993 2569 4055 facere
2596 3997 2891 4071 viderant,
2911 3999 3061 4059 nihil
3094 4001 3175 4061 ab
3202 4018 3276 4063 eo
3305 4003 3381 4062 de

1840 4086 2087 4160 praemio
2123 4091 2350 4146 aeternoe
2383 4090 2785 4150 retributionis
2823 4093 3174 4154 audierant:
3205 4099 3264 4155 et
3298 4101 3385 4156 ta-

1843 4197 1981 4239 men
2007 4180 2088 4239 ad
2112 4182 2357 4241 unicum
2384 4184 2618 4245 Domini
2642 4191 3023 4262 praeceptum,
3042 4189 3189 4261 hoc,
3210 4191 3387 4265 -quod

1843 4275 2150 4349 possidere
2188 4276 2568 4351 videbantur,
2605 4280 2775 4339 obliti
2814 4285 2969 4340 sunt.
2999 4302 3029 4336 ι
3063 4286 3131 4341 Et
3171 4283 3338 4343 addit
3367 4303 3384 4344 z

1852 4389 1880 4422 «
1907 4370 2137 4438 Quanta
2162 4386 2275 4428 nos
2313 4371 2442 4444 eJus
2468 4373 2759 4432 miracula
2784 4375 3075 4435 vidimus!
3108 4383 3256 4452 quot
3279 4376 3388 4436 fla-

1846 4462 2019 4535 gellis
2038 4462 2385 4537 affligimur!
2411 4467 2646 4540 quantis
2662 4467 2962 4527 minarum
2980 4471 3389 4545 asperitatibus

1850 4556 2239 4616 deterremur!
2275 4561 2333 4617 et
2358 4565 2557 4619 tamen
2590 4565 2906 4622 vocantem
2936 4565 3386 4624 contemnimus.

1848 4652 1913 4707 In
1928 4651 2144 4723 coelo,»
2169 4651 2383 4729 inquit,
2407 4672 2435 4707 α
2445 4654 2575 4727 jam
2601 4655 2767 4714 sedet
2783 4657 2888 4731 qui
2907 4657 2985 4716 de
3004 4658 3389 4721 conversione

1850 4760 1962 4803 nos
2015 4746 2317 4807 admonet.
2372 4751 2504 4808 Jam
2546 4751 2695 4825 ‚iugo
2737 4752 2883 4811 fidei
2928 4753 3084 4813 colla
3128 4755 3392 4828 gentium

1853 4838 2122 4898 subdidit
2138 4860 2157 4913 ;
2179 4841 2305 4914 jam
2322 4843 2533 4901 mundi
2545 4845 2798 4917 gloriam
2815 4848 3016 4907 stravit
3026 4867 3047 4920 3
3059 4848 3187 4921 jam
3207 4849 3394 4911 ruinis

1853 4934 2360 4995 crebrescentibus
2414 4938 2658 4997 districti
2716 4940 2926 5014 judicii
2986 4944 3394 5020 propinquum

1855 5027 2163 5087 denuntiat
2186 5029 2346 5088 diem
2375 5047 2390 5087 ε
2422 5034 2695 5093 ettamen
2720 5036 2982 5110 superba
3004 5052 3175 5095 meus
3195 5042 3398 5105 nostm

1854 5136 1981 5180 non
1995 5121 2127 5180 vult
2139 5122 2255 5182 hoc
2272 5129 2483 5199 sponte
2495 5126 2793 5199 deserere,
2804 5128 2972 5204 quod
2986 5130 3251 5204 quotidie
3267 5147 3399 5207 per·

1857 5214 1945 5274 dit
1968 5215 2171 5275 invite.
2200 5217 2376 5291 Quid,
2395 5238 2426 5275 »
2456 5219 2668 5295 inquit,
2701 5221 2918 5296 «igitur
2942 5222 3008 5282 in
3026 5225 3154 5298 eJus
3169 5225 3398 5299 jndicio

1923 5418 1988 5480 (a)
2018 5417 2131 5481 leq.
2163 5416 2299 5470 dicit.
