4059 6317
1000 544 1381 613 DOMINICA
1420 545 1475 611 II
1518 542 1963 610 ADVENTUS.
2009 544 2274 612 SERMO
2314 547 2422 613 111.
3206 544 3284 609 21

172 687 481 750 ammam
496 682 923 748 salvationem
932 681 1273 767 pertinent.
1291 683 1310 719 ¹
1336 682 1538 759 Quam
1568 681 1646 764 (a)

168 790 364 876 pulchri
390 805 579 873 super
604 795 852 859 montes
885 790 1083 875 pedes
1113 789 1568 857 annuntiantis
1595 793 1653 855 et

167 898 521 981 predicantis
560 913 784 981 pacem
805 945 826 975 ‚
874 898 1338 965 annuntiantis
1380 897 1608 964 bonum
1631 941 1649 974 ,

167 1005 531 1090 predicantis
557 1006 881 1073 salutem!
909 1005 1172 1084 Pacem,
1204 1007 1424 1068 contra
1442 1003 1549 1067 Dei
1569 1002 1655 1068 of·

168 1116 397 1191 tensam3
448 1112 706 1193 bonum,
754 1116 982 1177 contra
1016 1114 1250 1177 animae
1294 1110 1648 1189 maculam3

170 1221 389 1288 sautem
403 1269 421 1301 ‚
452 1225 668 1285 contra
697 1224 1009 1285 aeternam
1035 1236 1314 1303 poenam.

225 1330 295 1394 De
308 1329 520 1394 tertio·
538 1348 556 1393 :
579 1328 778 1412 Prope
799 1334 892 1396 est
919 1335 995 1397 ut
1020 1330 1242 1396 veniat
1265 1336 1501 1411 tempus
1519 1326 1656 1410 ejus

177 1461 198 1500 ι
215 1436 655 1516 incarnationiS‚
668 1457 701 1496 ι
717 1440 794 1500 ut
811 1435 964 1500 dicit
991 1434 1226 1501 Glossa.
1257 1435 1659 1502 Misercbitur

167 1546 300 1611 enim
321 1545 627 1611 Dominus
638 1543 853 1623 Jacob,
877 1544 943 1608 id
962 1549 1077 1623 est,
1099 1543 1304 1609 cordis
1321 1543 1493 1626 quod
1504 1561 1657 1626 sup-

165 1652 365 1735 plantat
394 1652 546 1718 vitia
576 1670 693 1735 per
731 1650 1193 1735 poenitentiam.
1225 1656 1248 1692 ⁸
1289 1652 1654 1719 Misericor-

167 1761 310 1828 dim
348 1760 527 1839 volo,
575 1765 633 1828 et
671 1775 805 1827 non
844 1760 1266 1840 sacrificium.
1307 1759 1450 1827 Non
1488 1762 1660 1826 enim

165 1873 281 1938 veni
315 1886 535 1939 vocare
553 1918 577 1950 ,
626 1874 747 1935 etc.
798 1869 1019 1934 Glossa
1071 1891 1089 1933 z
1145 1893 1176 1930 ι
1218 1868 1661 1933 Misericordiae

167 1979 492 2062 exemplum
518 1978 626 2042 dat
647 1977 898 2042 dicens:
921 1977 1070 2045 Non
1089 1978 1263 2055 veni,
1283 1997 1315 2035 n
1350 1979 1468 2040 etc.
1502 1974 1659 2040 Ecce

166 2086 227 2150 ad
248 2090 587 2170 peccatores
611 2084 810 2152 venit.
842 2083 1270 2166 Hieronymus
1286 2086 1345 2147 ⁸:
1387 2106 1417 2143 ιι
1435 2081 1663 2148 Notan-

168 2194 291 2258 dum
312 2194 375 2257 in
403 2191 792 2275 genealogia
828 2190 1172 2255 Salvatoris
1199 2189 1443 2254 nullam
1472 2208 1662 2254 sanc-

167 2304 339 2365 tarum
357 2300 601 2366 assumi
626 2298 1005 2376 mulierum3
1027 2297 1136 2362 sed
1155 2313 1436 2379 easquas
1459 2295 1665 2379 Scrip-

169 2414 282 2472 tura
302 2404 707 2490 reprehendit
736 2426 752 2469 :
782 2407 860 2469 ut
884 2403 1001 2487 qui
1025 2407 1282 2486 propter
1307 2407 1663 2485 peccatores

167 2519 419 2594 venerat„
467 2514 547 2577 de
588 2510 1024 2595 peccatoribus
1065 2527 1336 2574 nascens
1373 2510 1663 2575 omnium

166 2626 372 2706 peoeata
387 2620 652 2687 deleret.
680 2640 711 2678 n
735 2617 1015 2682 Ibienim
1026 2635 1143 2699 per
1159 2616 1357 2693 Raab,
1383 2624 1445 2681 et
1465 2617 1660 2698 Ruth,

167 2735 213 2792 et
232 2728 555 2807 Bersabee,
593 2731 937 2808 generatus
960 2724 1308 2789 ostenditur
1328 2722 1662 2790 Dominus,

168 2835 221 2900 ln
236 2837 544 2902 bisti-ibus
565 2833 872 2919 quaelibet
900 2834 1136 2913 anima,
1170 2851 1320 2916 quae
1349 2851 1464 2916 per
1484 2852 1667 2900 mun-

167 2944 291 3008 dum
306 2992 323 3023 ,
364 2944 474 3010 vel
514 2942 845 3008 diabolum
868 2990 887 3020 ‚
939 2941 1044 3005 vel
1093 2958 1348 3006 carnem
1398 2942 1670 3024 peccatis

165 3052 613 3134 constringitur,
664 3049 1013 3131 figuratur.
1062 3046 1317 3127 Prima,
1355 3066 1467 3130 per
1496 3046 1668 3112 Raab

163 3160 525 3224 meretricem
542 3157 823 3233 Hierico,
838 3156 1009 3238 quod
1025 3155 1473 3240 interpretatur
1485 3156 1666 3235 luna,

163 3268 445 3347 significat
506 3266 854 3331 mundum.
931 3262 1221 3330 Secunda
1248 3313 1267 3343 ‚
1338 3282 1453 3347 per
1500 3263 1670 3329 Ruth

160 3371 533 3440 Moabitidem
554 3421 575 3453 ‚
605 3390 756 3455 quae
782 3371 1234 3454 interpretatur
1258 3370 1337 3438 de
1358 3375 1542 3453 patre
1567 3387 1672 3453 qe-

162 3481 283 3547 πίω
305 3505 329 3546 .·
354 3484 376 3518 ⁸
423 3481 553 3549 Vos
580 3496 669 3547 ea:
688 3484 877 3562 patre
921 3477 1172 3546 diabolo
1200 3481 1378 3547 estis,
1417 3478 1629 3543 Tertia
1644 3525 1667 3557 ,

158 3606 252 3669 per
272 3587 579 3654 Bersabee
606 3587 984 3653 adulteram.

222 3694 602 3780 Dequarto⁶
634 3716 652 3759 ε
681 3694 890 3762 Juxta
916 3700 1013 3761 est
1059 3692 1237 3760 salus
1280 3709 1419 3760 mea
1460 3699 1534 3759 ut
1575 3708 1675 3759 ve-

17 3816 142 3890 ner
164 3804 321 3886 niat;
354 3804 635 3885 justitia
691 3817 873 3879 mea,
920 3805 994 3867 ut
1038 3799 1365 3868 reveletur.
1421 3799 1677 3865 iustitia

17 3877 140 3935 ⁵⁶²*
162 3907 250 3973 Dei
272 3910 339 3974 in
378 3909 546 3975 Filio
593 3907 879 3974 revelata
916 3911 1048 3987 est,
1098 3907 1252 3990 quia
1303 3925 1418 3991 per
1461 3907 1673 3990 ipsum

158 4034 255 4096 pro
289 4016 555 4082 homine
603 4015 960 4098 justissime
1004 4014 1390 4080 satisfactum
1425 4017 1524 4079 est
1545 4062 1562 4094 ‚
1612 4009 1700 4078 et'

155 4121 326 4189 homo
349 4123 715 4207 ,iustissime
755 4121 1141 4205 redemptus.
1171 4121 1331 4186 Cum
1358 4122 1530 4187 enim
1570 4139 1675 4186 re-

156 4228 409 4314 demptio
434 4230 523 4296 sit
549 4229 871 4311 condigna
894 4229 1097 4312 pretio
1119 4229 1212 4294 rei
1242 4228 1635 4312 recuperatio
1653 4276 1671 4309 ,

158 4336 621 4401 eccenihilfuit
660 4335 946 4414 incaelo,
994 4334 1099 4399 vel
1140 4335 1211 4398 in
1253 4338 1462 4413 terra,
1507 4337 1678 4419 quod

158 4441 231 4505 ita
250 4444 609 4526 pretiosum
620 4447 787 4507 esset
812 4442 977 4507 sicut
994 4444 1198 4507 totum
1218 4460 1429 4524 genus
1454 4443 1678 4507 buma-

155 4567 295 4614 num
315 4600 334 4630 ,
363 4551 546 4635 quod
593 4549 913 4633 perditum
938 4548 1097 4628 fuit,
1140 4548 1263 4612 nisi
1297 4549 1472 4614 solus
1511 4549 1678 4616 Deus

156 4661 594 4741 recuperasset.
625 4656 882 4740 Oportet
906 4672 1067 4737 ergo
1085 4655 1284 4720 Deum
1305 4673 1441 4720 esse
1467 4674 1618 4721 eum
1638 4676 1680 4721 a

158 4782 267 4845 quo
284 4765 357 4848 (b)
375 4764 614 4830 redimi
630 4762 993 4829 debuimus.
1022 4760 1204 4842 Item,
1232 4762 1347 4845 qui
1371 4764 1674 4846 peccavit,

158 4871 499 4938 manauere
530 4870 753 4949 ‘debuit
782 4890 799 4934 ε
838 4869 1034 4933 homo
1072 4873 1289 4934 autem
1328 4871 1612 4953 peccavit
1657 4891 1675 4936 ε

161 4995 298 5058 ergo
319 4979 493 5045 Deus
526 4981 594 5044 et
633 4978 831 5041 homo
871 4975 1056 5041 debet
1096 4993 1233 5041 esse
1274 4975 1674 5061 Redemptor.

220 5178 370 5241 ²1³0„
402 5189 515 5242 ut,
545 5177 594 5226 Ἴ.
619 5201 682 5213 —-
707 5175 733 5209 ¹
758 5175 879 5236 lea„
910 5184 1013 5238 ην,
1044 5182 1088 5225 1.
1122 5201 1174 5211 -
1206 5175 1229 5210 ⁸
1257 5175 1459 5235 Halm..
1489 5188 1574 5241 11,
1601 5179 1675 5228 13.

162 5270 217 5284 —
238 5247 513 5313 ⁸Bieron.,
544 5249 599 5296 in
626 5247 838 5308 nauh„
863 5258 909 5297 c.
940 5250 987 5296 1.
1017 5271 1076 5282 -
1106 5246 1129 5281 ⁸
1155 5247 1321 5306 Joan„
1352 5259 1475 5313 vm,
1508 5251 1589 5300 44.
1620 5276 1676 5286 -

164 5318 183 5353 ⁸
202 5321 313 5382 lm„
337 5334 444 5384 mn,
479 5326 531 5371 1.
555 5344 617 5358 -
639 5319 662 5356 '¹
683 5320 866 5380 Bern.,
886 5330 951 5367 ex
974 5316 1217 5382 Anselm„
1238 5318 1344 5368 Cur
1367 5321 1498 5370 Deus
1517 5320 1681 5384 homo,

164 5389 240 5440 lib.
267 5393 326 5456 11,
359 5406 409 5443 e.
438 5401 540 5442 vu.
568 5414 630 5427 —-
654 5389 679 5424 ⁸
707 5386 884 5450 Hebr„
911 5399 971 5449 11,
1000 5392 1075 5438 14.
1102 5414 1164 5425 —
1188 5389 1210 5425 ⁹
1236 5389 1379 5454 Sap„
1413 5403 1517 5455 xiv,
1548 5394 1596 5443 7.
1619 5419 1682 5431 -

168 5462 207 5498 ’θ
225 5461 362 5527 Sap„
384 5475 462 5526 ιι,
495 5463 579 5513 1¹1.
600 5487 655 5498 -
691 5461 726 5490 ¹¹
755 5459 914 5521 Rom,
946 5469 1029 5521 ιν,
1053 5461 1100 5511 4.
1118 5486 1181 5497 —
1208 5462 1245 5497 ¹²
1270 5463 1408 5525 Luc„
1434 5474 1488 5526 x,
1517 5466 1597 5514 20.
1618 5489 1682 5502 -

172 5533 275 5585 ¹⁸5.
306 5535 491 5587 Tbom.
520 5547 535 5586 ς
566 5549 597 5580 c
623 5530 782 5582 Libet·
810 5529 927 5582 πίω
957 5533 1032 5580 est
1060 5532 1239 5585 notitia
1266 5534 1359 5585 Dei
1395 5534 1460 5586 de
1486 5534 1566 5585 bis
1594 5534 1683 5604 qui

1758 678 2118 746 Bernardus
2141 681 2165 718 ⁷
2197 704 2213 747 ε
2251 705 2284 745 α
2312 682 2518 749 Homo
2542 683 2659 767 qui
2684 682 2950 750 debuit:
2981 680 3147 748 Deus
3178 679 3292 763 qui

1761 787 2007 854 solvere
2036 789 2110 870 (c)
2139 789 2368 872 potuit.
2397 811 2429 850 ι»
2465 789 2649 856 Pater
2673 808 2859 856 meus
2886 787 3100 854 amisit
3134 804 3241 852 me
3271 802 3290 850 ε

1758 894 1952 959 frater
1979 913 2162 960 meus
2186 896 2455 962 redemit
2491 916 2620 963 me.
2653 896 2812 963 Item
2848 896 3046 961 homo
3071 894 3295 959 mortis

1761 1002 2007 1067 debitor
2034 1003 2152 1067 fuit
2186 1025 2201 1067 ε
2233 1004 2399 1069 mori
2426 1022 2585 1086 ergo
2624 1004 2841 1070 debuit
2870 1003 2985 1086 qui
3018 1019 3135 1086 pro
3173 1001 3292 1066 ho·

1764 1112 1939 1176 mine
1964 1112 2317 1178 satisfacere
2344 1113 2550 1180 voluit
2570 1117 2594 1153 ⁸
2622 1134 2640 1180 :
2680 1115 2755 1182 Ut
2775 1131 2888 1199 per
2913 1118 3175 1182 mortem
3198 1111 3300 1179 de-

1763 1224 2072 1298 strueret,
2102 1225 2220 1285 etc.
2267 1220 2423 1286 Item
2454 1239 2628 1288 mors
2651 1242 2767 1306 per
2790 1222 3045 1305 lignum
3071 1219 3247 1287 venit
3276 1242 3292 1284 :

1765 1345 1922 1409 ergo
1949 1345 2063 1411 per
2087 1327 2343 1409 lignum
2385 1347 2562 1394 mors
2592 1329 2834 1396 destrui
2860 1328 3096 1395 debuit.
3123 1328 3146 1363 ⁹
3182 1328 3297 1393 Be·

1764 1435 2090 1502 aedictum
2124 1440 2217 1502 est
2260 1436 2510 1520 liquam
2545 1453 2664 1520 per
2703 1436 2871 1521 quod
2897 1436 2975 1518 fit
3003 1435 3298 1518 ,iza-stitia.

1766 1544 1812 1579 ¹⁰
1840 1543 1956 1609 Per
1977 1558 2118 1626 quoe
2141 1544 2292 1626 quie
2317 1551 2565 1625 peccat,
2595 1549 2714 1609 etc.

2311 1723 2599 1794 SERMO
2640 1724 2756 1793 111.

1851 1869 2267 1950 Quoeeumque
2320 1868 2567 1951 scripta
2615 1873 2770 1935 eunt
2793 1916 2810 1946 ,
2870 1867 2961 1934 ad
3021 1869 3306 1935 nostram

1769 1975 2131 2043 doctrinam
2152 1977 2398 2059 scripta
2421 1980 2576 2045 sunt
2597 1984 2668 2039 ²¹.
2697 1975 2990 2056 Multum,
3017 1974 3308 2039 charissi-

1770 2083 1899 2159 mi,
1930 2082 2222 2148 amandae
2249 2085 2403 2146 sunt
2440 2082 2785 2165 Scripturae
2802 2130 2820 2161 ‚
2859 2085 3170 2166 tanquam
3197 2081 3307 2147 lu-

1770 2208 1977 2256 cernae
1990 2171 1995 2176 ²
2008 2191 2079 2254 in
2121 2188 2397 2255 tenebris
2442 2189 2639 2271 buius
2676 2190 2848 2255 vitae.
2902 2188 3026 2256 Sed
3060 2190 3309 2256 attende
3395 2200 3547 2257 scrin·

1770 2297 1944 2381 quod
1997 2295 2396 2380 quadruplex
2450 2300 2545 2361 est
2601 2296 2913 2379 scriptura
2947 2345 2966 2375 ,
3024 2296 3311 2363 videlicet
3335 2263 3549 2382 m

1772 2404 2187 2488 praescientiae
2230 2404 2526 2468 increatae
2541 2451 2557 2483 ,
2588 2403 2987 2469 conscientiae
3030 2404 3267 2470 innatae
3289 2451 3307 2483 ‚

1772 2511 2052 2577 scientiae
2080 2509 2405 2593 inspiratae
2419 2557 2437 2589 ,
2469 2509 2798 2592 sapientiae
2823 2509 3192 2576 incarnatae.
3221 2509 3312 2574 De

1773 2621 1981 2705 prima
1992 2621 2038 2655 ¹¹
2057 2641 2073 2683 ι
2093 2616 2390 2698 Gaudete,
2406 2618 2566 2701 quia
2576 2620 2844 2685 nomina
2853 2622 3060 2686 vestra
3069 2619 3315 2702 empta

1773 2729 2027 2796 suntin
2053 2726 2249 2794 coelie.
2285 2725 2521 2791 Felices
2545 2726 2659 2809 qui
2694 2727 2787 2791 sic
2825 2725 3091 2807 vivunt,
3140 2728 3312 2810 quod

1773 2836 2038 2902 nomina
2056 2853 2175 2900 sua
2201 2835 2270 2898 in
2292 2833 2457 2899 libro
2481 2834 2633 2899 vitae
2650 2834 2885 2917 scripta
2905 2852 3044 2899 esse
3061 2852 3317 2918 sperare

1775 2946 2062 3027 possunt.
2093 2940 2234 3007 Non
2248 2941 2419 3006 enim
2447 2941 2542 3005 ibi
2556 2940 2738 3020 viles,
2759 2942 2868 3007 md
2892 2959 3082 3024 reges
3102 2942 3317 3026 scripti

1776 3055 1950 3115 sunt.
2001 3048 2406 3130 Augustinus
2443 3048 2491 3084 ¹⁸
2531 3070 2547 3112 :
2587 3070 2618 3109 α
2657 3047 2891 3115 Omnes
2938 3052 3319 3132 regnaturos

1776 3176 1925 3223 cum
1967 3156 2126 3222 Filio
2173 3174 2289 3220 suo
2313 3205 2331 3236 ‚
2384 3156 2476 3220 sic
2520 3156 2641 3222 bos
2680 3156 2925 3239 scripsit
2957 3156 3158 3238 Deus,
3201 3157 3320 3222 bos

1776 3266 2057 3331 continet
2081 3264 2244 3330 liber
2274 3265 2449 3330 vitae.
2473 3286 2505 3324 n
2539 3263 2653 3331 Vae
2682 3268 2899 3329 autem
2925 3264 3274 3330 luxuriosis
3292 3312 3315 3344 ,

1776 3372 2008 3440 invidis
2025 3420 2048 3452 ‚
2078 3371 2392 3437 usurariis
2409 3420 2427 3452 ,
2480 3375 2545 3436 et
2587 3372 2728 3435 aliis
2752 3372 3109 3454 perversis,
3153 3391 3312 3456 quo·

1776 3498 1929 3546 rum
1953 3479 2218 3544 nomina
2241 3495 2372 3543 non
2400 3481 2549 3542 sunt
2575 3477 2665 3542 ibi
2685 3477 2918 3560 scripta
2932 3477 2978 3514 ¹⁸
3000 3499 3016 3543 z
3038 3479 3168 3557 Qui
3187 3495 3319 3547 non

1781 3592 1873 3654 est
1901 3588 2201 3654 inventus
2228 3586 2304 3652 in
2327 3583 2490 3651 libro
2515 3585 2669 3651 vitae
2705 3585 2991 3668 scriptus
3014 3634 3035 3665 ,
3079 3586 3318 3653 missus

1784 3701 1877 3762 est
1903 3694 1978 3760 in
2003 3700 2305 3775 staanum
2326 3692 2527 3774 ionis.
2556 3690 2728 3756 Licet
2754 3695 2974 3757 autem
2999 3691 3158 3758 tales
3183 3711 3317 3757 non

1779 3803 2001 3867 sintin
2039 3801 2352 3883 scriptura
2398 3799 2968 3883 praedestinationis
2986 3846 3004 3875 ,
3031 3805 3184 3865 sunt
3221 3804 3322 3865 ta-

1783 3926 1929 3972 men
1947 3907 2016 3969 in
2034 3904 2349 3988 scriptura
2370 3903 2831 3986 reprobationis
2848 3904 2893 3939 ¹⁸
2916 3905 3107 3971 :Ecce
3120 3904 3320 3988 scrip-

1778 4020 1915 4081 tum
1941 4018 2034 4081 est
2060 4028 2274 4080 coram
2295 4028 2394 4078 me
2417 4058 2437 4090 ,
2467 4026 2597 4078 non
2626 4010 2834 4078 tacebo
2862 4057 2880 4087 ‚
2909 4010 3022 4078 sed
3048 4010 3319 4079 reddam
3434 4017 3445 4029 ·

1780 4127 1841 4190 et
1867 4120 2212 4189 retribuam
2237 4122 2314 4187 in
2335 4120 2502 4192 sinn
2538 4133 2753 4186 eorum
2794 4119 3179 4200 iniquitates
3213 4136 3316 4187 ve-

1785 4235 1959 4402 8²²5&
1975 4333 2252 4401 secunda
2277 4331 2364 4415 (d)
2391 4335 2437 4373 ²⁶
2469 4350 2487 4396 τ
2524 4331 2684 4397 Cum
2706 4335 2921 4415 pentec
2957 4348 3102 4416 quoe
3126 4334 3319 4418 leuem

1779 4460 1911 4511 non
1946 4441 2180 4510 habent
2227 4437 2617 4529 naturaliter
2655 4452 2797 4520 quse
2835 4436 2991 4522 leqie
3021 4445 3178 4542 sunt
3211 4442 3320 4522 fa-

1781 4553 1993 4629 ciunt,
2040 4546 2359 4632 ejusmodi
2396 4547 2592 4629 leqcm
2638 4560 2770 4612 non
2813 4544 3148 4628 habentes,
3185 4549 3321 4630 ipsi

1778 4659 1910 4727 sibi
1950 4663 2106 4726 sunt
2157 4658 2267 4723 lea·
2305 4677 2331 4720 .·
2381 4654 2500 4737 qui
2554 4651 2894 4720 ostendunt
2940 4669 3097 4737 opus
3162 4655 3320 4739 teate

1782 4770 2094 4851 scriptum
2119 4767 2192 4832 in
2218 4760 2515 4831 cordibus
2534 4762 2696 4842 suis,
2722 4762 3163 4828 testimonium
3184 4763 3322 4832 illie

1784 4874 2082 4943 reddente
2133 4871 2527 4938 conscientia
2573 4869 2892 4950 ipsorum.
2951 4866 3127 4934 Unde
3168 4889 3319 4936 con·

1783 4983 2043 5048 scientia
2077 4979 2476 5063 significatur
2521 4992 2635 5060 per
2686 4975 2933 5041 tabulas
2976 4975 3253 5060 lapideas
3299 5000 3315 5044 ε

1782 5151 2004 5204 babituri
2054 5152 2173 5201 sunt
2214 5147 2372 5199 vitam
2422 5148 2689 5196 oeternam.
2716 5160 2745 5192 n
2797 5149 2851 5204 1,
2896 5158 2947 5210 q.
2988 5157 3133 5211 xxtv,
3180 5153 3225 5213 ¹,
3270 5153 3323 5200 et

1784 5240 1835 5290 q.
1867 5235 2047 5283 xxnx,
2077 5224 2207 5272 8.—
2238 5220 2276 5255 ’δ
2298 5221 2472 5284 Δρακ,
2499 5228 2588 5280 xx,
2618 5220 2699 5267 15.
2727 5242 2792 5256 -
2819 5216 2860 5252 ¹⁸
2886 5218 3006 5279 1³0„
3035 5229 3153 5285 nv,
3179 5224 3227 5274 6.
3263 5250 3319 5262 .-

1785 5297 1828 5331 ¹⁸
1857 5297 2016 5358 Rom„
2048 5305 2108 5358 u,
2138 5294 2301 5344 ill-15.

1850 5392 1921 5457 (a)
1956 5392 2082 5443 caet.
2118 5389 2242 5441 edit.
2274 5389 2452 5451 Quare.
2485 5411 2540 5423 -
2576 5384 2647 5450 (b)
2676 5384 2816 5436 Edit.
2850 5386 3009 5441 Vatia.
3041 5402 3159 5441 eum
3189 5406 3293 5456 quo
3303 5409 3321 5457 ;

1785 5463 2056 5588 ἱεὲξὲοῐῖεη.
2088 5475 2208 5513 eum
2238 5458 2460 5528 quod.-
2487 5455 2548 5522 (c)
2580 5455 2701 5508 Coet.
2728 5455 2847 5512 edit.
2876 5459 3107 5518 solvits-
3134 5462 3212 5533 (d)
3238 5466 3326 5521 50.
