4059 6317
668 609 887 668 lectum
914 607 1172 667 accessit.
1203 610 1274 666 At
1297 600 1397 667 ille
1415 608 1646 666 amator
1663 606 1937 666 castitatis
1953 607 2018 664 in
2038 604 2205 667 nullo

667 718 732 762 se
758 701 967 773 movit,
992 716 1114 760 non
1143 718 1277 760 eam
1304 700 1539 776 repulit,
1566 716 1677 760 nec
1692 702 1747 760 ei
1777 700 2005 777 aliquid
2036 700 2206 772 dixit,

665 796 774 854 sed
800 796 951 854 stetit
991 794 1324 854 immobilis·
1357 798 1426 853 ut
1450 794 1619 869 lapis.
1661 797 1925 871 Cumque
1963 795 2066 853 illa
2092 810 2206 853 un-

666 890 848 965 dique
875 890 1191 966 palpasset,
1221 895 1279 949 et
1304 894 1567 948 cerneret
1593 889 1761 965 quod
1783 888 1982 949 nullos
2004 890 2204 948 anima

666 984 912 1043 omnino
940 983 1206 1043 carnales
1231 988 1427 1043 motus
1452 983 1714 1055 haberet,
1737 983 2057 1059 stupefacta
2066 1000 2205 1043 con-

663 1077 795 1136 fusa
828 1078 1083 1136 recessit.
1131 1079 1177 1138 Ο
1223 1076 1330 1136 ubi
1375 1081 1514 1135 tunc
1559 1082 1683 1136 erat
1734 1077 1840 1135 illa
1880 1077 2203 1136 castissima

663 1172 887 1244 anima,
914 1188 1049 1248 quae
1076 1172 1275 1231 nullos
1303 1172 1496 1230 carnis
1523 1171 1746 1230 sciebat
1775 1170 2019 1232 affectus
2036 1174 2067 1229 Τ
2092 1175 2199 1230 Ta-

662 1265 736 1324 lis
764 1266 942 1326 etiam
975 1268 1100 1324 erat
1134 1265 1514 1338 Ambrosius,
1558 1269 1616 1324 et
1645 1265 1785 1324 ideo
1821 1281 1961 1325 vere
1983 1268 2197 1324 castus.

730 1359 1003 1418 Secundo
1033 1363 1132 1418 lux
1162 1363 1249 1418 est
1274 1364 1483 1418 natura
1508 1359 1850 1434 impassiva,
1877 1358 2019 1434 quia
2047 1375 2200 1417 nun-

662 1464 847 1528 quam
891 1453 1285 1528 corrumpitur
1325 1471 1399 1511 ex
1441 1453 1670 1512 actione
1711 1456 2006 1512 extranea.
2035 1452 2197 1511 Unde

663 1547 876 1605 dicitur
899 1546 919 1583 ¹
949 1565 965 1605 ε
1010 1564 1040 1602 α
1065 1548 1252 1622 Super
1274 1547 1524 1606 salutem
1542 1591 1559 1618 ,
1589 1551 1646 1605 et
1672 1562 1913 1606 omnem
1939 1547 2197 1622 speciem

664 1640 847 1699 dilexi
874 1639 1060 1713 illam,
1090 1646 1148 1699 et
1172 1643 1456 1717 proposui
1484 1656 1595 1717 pro
1621 1641 1753 1700 luce
1771 1641 1988 1700 habere
2007 1640 2196 1712 illam,

666 1734 953 1810 quoniam
976 1733 1426 1809 inextinguibile
1454 1740 1538 1793 est
1564 1736 1767 1793 lumen
1787 1734 1999 1792 illius.»
2019 1736 2085 1793 Et
2101 1751 2199 1793 re-

664 1842 807 1887 vera
834 1828 965 1886 talis
990 1828 1098 1886 fuit
1110 1828 1472 1901 Ambrosius,
1496 1828 2048 1904 patienteradversa
2065 1844 2202 1903 por·

616 1962 635 1972 -
663 1922 867 1981 tando.
896 1926 1042 1983 Nam
1066 1923 1289 1981 lustina
1329 1922 1744 1996 regina,·eum
1784 1925 1934 1980 esset
1971 1921 2197 1994 ariana,

659 2015 938 2090 pulsabat
975 2016 1352 2077 Ambrosium
1385 2017 1521 2076 forti
1561 2032 1765 2093 pugna
1809 2034 1824 2074 ε
1866 2016 1973 2074 sed
2018 2015 2200 2074 nullis

658 2109 866 2182 minis,
904 2110 1085 2169 nullis
1124 2110 1430 2184 precibus,
1475 2111 1572 2170 vel
1613 2110 1919 2186 promissis
1964 2110 2197 2169 deflecti

658 2204 912 2281 potuita
936 2204 1280 2265 rectitudine
1318 2206 1614 2278 veritatis;
1648 2205 1755 2264 sed
1797 2220 2044 2264 manens
2085 2206 2195 2262 im-

659 2298 931 2369 mobilia,
982 2299 1282 2358 haereticos
1331 2297 1762 2370 confundebat,
1806 2300 1972 2373 cujus
2010 2296 2194 2356 fldem

657 2407 880 2466 magna
904 2392 1190 2452 miracula
1218 2393 1668 2452 confirmabant.
1697 2394 1837 2451 Hinc
1858 2393 1908 2450 si
1937 2392 2065 2465 ejus
2091 2394 2194 2451 Le·

660 2486 917 2559 gendam
951 2487 1195 2560 legeris,
1231 2502 1473 2545 narrare
1515 2487 1641 2545 haec
1674 2485 1916 2561 poteris.
1946 2486 2060 2545 Sed
2087 2487 2193 2544 ubi

655 2578 836 2639 bodie
859 2580 1044 2639 virtus
1069 2581 1193 2639 haee
1237 2582 1300 2638 in
1345 2579 1623 2640 omnihus
1670 2579 2028 2650 Christianis,
2059 2596 2194 2654 quas

655 2676 855 2732 tamen
899 2674 1098 2734 floruit
1139 2674 1204 2733 in
1238 2675 1530 2750 paganis?
1571 2677 1717 2732 Nam
1757 2673 1996 2731 invenio
2034 2673 2194 2730 viros

655 2783 923 2844 paganos
947 2784 1071 2827 non
1091 2785 1202 2845 pro
1228 2771 1366 2840 Deo,
1391 2768 1498 2826 sed
1520 2783 1631 2842 pro
1656 2766 1917 2838 mundo,
1944 2782 2064 2824 non
2078 2783 2191 2841 pro

654 2866 870 2920 aeterna
884 2903 905 2935 ‚
950 2862 1057 2921 sed
1097 2878 1209 2936 pro
1255 2861 1569 2937 temporali
1614 2860 1839 2934 gloria,
1883 2861 2191 2936 propriam
2222 2924 2227 2931 .

656 2956 1075 3032 contempsisse
1100 2955 1306 3027 vitam,
1330 2960 1387 3013 et
1411 2955 1602 3029 magis
1622 2970 1805 3031 quam
1831 2955 1953 3012 vita
1970 2954 2189 3028 vivere,

610 3090 628 3100 -
653 3053 907 3108 mortem
933 3049 1168 3122 eligere.
1221 3048 1379 3106 Unde
1405 3048 1666 3106 Valerius
1695 3047 1980 3107 Maximus
2005 3048 2070 3105 in
2098 3063 2190 3118 ea,

654 3160 837 3219 quam
865 3141 1119 3217 scripsit,
1155 3141 1419 3213 historia,
1450 3141 1532 3199 ait
1559 3141 1584 3179 ²
1612 3142 1778 3215 quod
1807 3141 2054 3215 quidam
2081 3157 2192 3216 po-

653 3236 806 3314 puli,
833 3237 938 3313 qui
966 3237 1339 3312 appellantur
1366 3235 1585 3294 Cimbri
1615 3241 1671 3293 et
1696 3234 1992 3307 Celtiberi,
2012 3238 2189 3293 tantas

652 3328 1004 3389 fortitudinis
1031 3334 1235 3390 contra
1259 3329 1485 3404 seipsos
1523 3333 1687 3400 sunt,
1729 3328 1898 3404 quod
1936 3331 2191 3387 mortem

653 3440 776 3483 non
802 3423 997 3483 solum
1033 3423 1505 3498 parvipendunt,
1548 3422 1650 3480 sed
1700 3422 1833 3480 totis
1881 3421 2190 3481 affectibus

652 3521 956 3593 appetunt.
988 3516 1148 3575 Unde
1177 3517 1238 3575 in
1262 3516 1477 3592 proeliis
1507 3516 1806 3590 exultant,
1845 3520 1903 3574 et
1926 3516 2190 3589 gaudent

649 3615 936 3686 tanquam
963 3628 1036 3670 ex
1060 3611 1173 3668 bac
1211 3612 1334 3668 vita
1365 3609 1609 3669 feliciter
1634 3609 1949 3669 decessuri.
1980 3611 2095 3668 Sed
2124 3610 2187 3668 in

647 3704 1083 3763 infirmitatibus
1117 3704 1375 3762 febrium
1409 3704 1587 3762 valde
1633 3703 1867 3774 dolent,
1897 3707 2186 3778 tanquam

646 3800 891 3875 turpiter
918 3803 975 3856 et
999 3798 1225 3874 absque
1253 3797 1446 3871 gloria
1472 3797 1759 3856 morituri.
1777 3799 1842 3855 Et
1859 3796 2000 3855 dicit
2017 3796 2185 3871 quod

643 3895 809 3954 nefas
835 3912 961 3955 esse
989 3895 1190 3954 dicunt
1213 3894 1416 3970 praelio
1445 3910 1764 3968 superesse.
1795 3898 1947 3967 Ergo
1979 3894 2029 3951 si
2059 3897 2181 3952 tam

643 3990 820 4051 fortes
846 3993 1095 4066 possunt
1111 4006 1237 4048 esse
1255 3988 1473 4063 pagani
1493 4003 1603 4063 pro
1620 4003 1779 4046 vana
1802 3992 1858 4045 et
1876 3988 2185 4046 mundana

645 4086 858 4159 gloria,
887 4085 1094 4161 quales
1121 4084 1403 4142 deberent
1429 4098 1556 4141 esse
1584 4081 1887 4140 Christiani
1920 4097 2034 4156 pro
2062 4081 2183 4140 vita

645 4178 970 4241 obtinenda
994 4178 1172 4237 beata
1185 4179 1215 4233 ‘l

711 4274 899 4332 Tertio
926 4272 1032 4331 lux
1052 4275 1138 4332 est
1162 4270 1253 4328 sui
1272 4267 1771 4328 communicativa
1799 4272 1855 4327 et
1880 4268 2179 4343 diffusiva,

641 4368 1016 4445 spiritualiter
1053 4365 1420 4441 generativa,
1466 4363 1744 4422 nutritiva
1782 4367 1839 4421 et
1881 4362 2178 4421 conforta-

642 4464 781 4521 tiva.
810 4464 901 4520 Sic
928 4463 986 4520 et
1011 4461 1220 4520 beatus
1258 4457 1604 4518 Ambrosius
1639 4455 1748 4515 fuit
1778 4455 1879 4514 lux
1906 4472 1968 4514 se
1997 4472 2178 4514 cunc-

645 4556 714 4616 tis
762 4553 1289 4625 communicandO,
1341 4567 1451 4609 sua
1505 4550 1710 4609 omnia
1761 4549 2179 4622 diffundendo,

639 4650 796 4709 filios
824 4647 1201 4725 spiritualiter
1239 4645 1580 4720 generando
1600 4688 1619 4718 ,
1660 4642 2013 4713 nutriendo,
2042 4659 2181 4701 con-

637 4743 950 4814 fortando,
1003 4743 1289 4815 tanquam
1342 4755 1551 4797 omnes
1589 4736 1841 4811 perfecte
1892 4737 2175 4811 amando,

639 4836 1036 4910 omnibusque
1083 4831 1517 4907 compatiendo.
1557 4830 1722 4889 Unde
1767 4830 1843 4888 de
1886 4845 1959 4888 eo
1985 4834 2178 4904 potest

638 4931 855 5007 exponi
880 4928 1031 4988 illud
1057 4928 1079 4966 ⁸
1108 4947 1127 4985 ε
1162 4947 1192 4982 ι
1218 4927 1317 4987 Sol
1339 4925 1680 4985 illuminans
1705 4940 1813 5000 per
1828 4924 2029 4982 omnia
2056 4939 2177 4983 res-

635 5027 814 5103 pexit.
845 5046 876 5083 u
919 5025 1007 5085 Ad
1045 5023 1295 5083 modum
1333 5022 1489 5080 enim
1532 5020 1701 5092 solis,
1745 5019 1848 5093 qui
1892 5017 2177 5076 omnibus

635 5120 839 5180 lumen
864 5122 1118 5196 praestat,
1148 5116 1429 5201 omnibus
1444 5131 1508 5172 se
1527 5112 1943 5184 communicat,
1972 5111 2175 5172 omnia

633 5217 936 5275 nascentia
959 5215 1208 5275 roborat
1226 5217 1281 5271 et
1306 5211 1628 5282 confortat,
1655 5213 1889 5267 sanctus
1912 5207 2173 5268 Ambro-

698 5342 714 5377 ¹
752 5342 891 5405 Sap„
935 5351 1034 5403 vn,
1080 5338 1157 5390 10.
1199 5366 1252 5376 —-
1295 5338 1319 5373 ¹
1356 5336 1525 5390 valer.
1562 5336 1720 5398 Max„
1759 5332 1852 5385 lib.
1891 5334 1965 5398 ll,
2005 5349 2052 5386 c.
2099 5342 2170 5397 vr,

633 5427 689 5469 n.
721 5414 809 5477 113
840 5411 1016 5479 steph.
1052 5413 1155 5464 Str.
1198 5411 1285 5462 tib.
1326 5410 1419 5473 ¹¹¹3
1459 5407 1610 5472 Ptin„
1643 5405 1730 5457 lib.
1760 5406 1917 5468 xxv,
1956 5420 2003 5458 c.
2043 5416 2166 5469 v1u;

1706 462 2122 537 SERMONES
2164 466 2267 537 DE
2309 460 2658 538 SANCTIS.
2700 462 2805 537 Vi.

2314 606 2437 664 sius
2462 621 2525 664 se
2562 610 2621 665 et
2656 614 2765 665 sua
2792 604 3071 667 omnibns
3106 609 3618 683 communicabat,
3649 620 3858 672 omnes

2317 700 2591 772 docebat,
2618 715 2824 760 omnes
2851 702 3110 774 amabat,
3139 718 3316 760 sanos
3343 703 3739 776 confortabat,
3769 704 3855 765 in-

2313 792 2500 851 firmis
2529 794 2994 854 consolationem
3007 794 3337 869 praestabat.
3356 798 3447 856 Sic
3473 799 3635 856 enim
3652 815 3855 858 amore

2312 887 2569 946 fraterno
2598 892 2750 946 totus
2777 887 3059 959 ardebat,
3089 892 3147 947 et
3179 889 3264 947 sic
3302 888 3563 950 fraterna
3584 908 3855 966 compas-

2311 980 2401 1039 sio
2429 981 2544 1039 sibi
2565 981 2692 1056 ejus
2720 997 2824 1039 cor
2859 982 3308 1056 subjugaverat,
3341 983 3508 1057 quod
3556 985 3706 1045 dum
3748 986 3850 1044 ali-

2312 1073 2446 1149 quis
2473 1073 2586 1133 sibi
2614 1090 2817 1132 casum
2845 1090 3018 1133 suum
3036 1117 3056 1147 ,
3082 1076 3182 1134 vel
3211 1081 3519 1151 peceatum
3564 1085 3848 1153 narraret,

2311 1167 2479 1226 etsie
2515 1168 2738 1227 fortiter
2772 1169 2977 1240 fleret,
3015 1170 3183 1245 quod
3225 1171 3424 1245 ipsum
3464 1171 3548 1230 ad
3586 1172 3847 1232 flendum

2311 1262 2723 1337 compellebat.
2780 1264 3026 1323 Dolebat
3069 1263 3246 1322 etiam
3287 1265 3563 1337 multum,
3608 1268 3846 1342 quando

2311 1355 2445 1430 quis
2462 1355 2808 1414 cadentibus
2831 1357 3151 1428 insultaret,
3171 1358 3294 1417 sive
3309 1358 3713 1433 spiritualiter,
3732 1359 3845 1418 sive

2308 1448 2694 1523 corporaliter
2720 1450 3014 1509 caderent.
3056 1451 3218 1511 Unde
3246 1451 3392 1510 dum
3423 1452 3613 1512 semel
3638 1470 3747 1528 per
3770 1453 3843 1511 ci-
3914 1468 4023 1511 εω-

2308 1542 2549 1601 vitatem
2572 1543 3071 1603 Mediolanensem
3100 1546 3419 1616 incederet,
3439 1552 3498 1605 et
3516 1548 3767 1622 quidam
3788 1549 3844 1606 in
3865 1529 3974 1583 ⁹¹⁸²

2306 1635 2406 1694 via
2426 1637 2679 1710 graviter
2710 1639 3043 1710 corruisset,
3073 1639 3342 1714 aliusque
3383 1642 3513 1715 ejus
3550 1658 3756 1701 casum
3776 1643 3846 1701 ri·

2306 1730 2493 1802 sisset,
2515 1732 2769 1805 graviter
2794 1733 3036 1792 Sanctus
3063 1734 3213 1805 tulit,
3245 1734 3395 1792 etad
3427 1735 3722 1794 ridentem
3737 1737 3841 1796 ait:

2311 1843 2341 1878 ι
2367 1825 2475 1894 Qui
2525 1824 2819 1884 existimat
2860 1843 2924 1885 se
2963 1830 3115 1885 stare
3135 1870 3154 1899 ,
3185 1827 3384 1886 videat
3419 1844 3496 1887 ne
3542 1830 3719 1890 cadat
3746 1834 3786 1890 ⁸.
3812 1853 3841 1887 ιι

2304 1918 2507 1976 Statim
2534 1919 2635 1977 ille
2662 1920 2767 1994 qui
2807 1920 3015 1979 riserat
3055 1921 3299 1993 cecidit,
3344 1925 3402 1980 et
3438 1926 3684 1983 coactus
3716 1925 3843 2003 fler,⁵

2305 2026 2509 2069 casum
2534 2014 2844 2088 proprium
2862 2058 2881 2086 ‚
2912 2016 3016 2090 qui
3055 2015 3260 2073 riserat
3296 2015 3579 2074 alienum.
3608 2017 3667 2076 Si
3694 2019 3843 2077 enim

2303 2107 2488 2163 sancti
2534 2106 2647 2163 viri
2685 2109 2913 2165 tantum
2970 2108 3174 2167 dolent
3225 2109 3289 2167 in
3334 2124 3475 2168 casu
3522 2113 3842 2187 corporali,

2304 2204 2625 2274 quantum,
2660 2206 2834 2276 putas
2870 2201 2969 2277 (a),
3009 2201 3215 2260 dolent
3245 2202 3307 2260 in
3352 2219 3495 2261 casu
3535 2205 3839 2279 spirituali,

2302 2293 2408 2351 ubi
2443 2310 2566 2352 non
2593 2294 2790 2353 solum
2830 2295 2991 2353 cadit
3030 2311 3248 2371 corpus
3289 2298 3624 2373 aliquando
3659 2305 3841 2360 morte

2302 2402 2614 2459 casurum,
2659 2388 2767 2446 sed
2819 2388 2979 2448 cadit
3021 2389 3222 2448 anima
3267 2391 3622 2450 oeternaliter
3679 2394 3843 2452 dam·

2301 2480 2553 2538 nanda?
2593 2481 2679 2540 Fit
2706 2483 2865 2540 enim
2903 2498 3055 2557 soepe
3101 2482 3309 2542 divino
3346 2485 3614 2559 judicio,
3650 2489 3839 2563 utqui

2298 2573 2710 2633 ridentcasum
2725 2575 3010 2648 alienum,
3026 2581 3314 2650 cogantur
3337 2578 3481 2637 flere
3506 2581 3835 2656 proprium.

2301 2667 2463 2725 Unde
2487 2667 2552 2724 in
2585 2670 2734 2726 Vitis
2780 2672 3002 2727 Patriam
3049 2670 3301 2745 quidam
3338 2670 3546 2744 frater,
3587 2674 3693 2748 qni
3728 2674 3838 2733 fra-
3902 2682 4020 2723 Es·-

2298 2764 2448 2820 trem
2484 2765 2769 2821 tentatum
2815 2765 2879 2822 in
2919 2765 3392 2840 desperationem
3434 2772 3747 2841 posuerat,
3787 2776 3838 2830 et
3858 2744 3968 2799 ¹¹¹⁸·

2298 2868 2421 2914 non
2450 2855 2646 2915 solum
2685 2857 2739 2915 ei
2781 2874 3125 2933 compassus
3164 2874 3290 2917 non
3323 2859 3543 2934 fuerat,
3568 2862 3678 2920 sed
3706 2878 3835 2922 eum

2296 2948 2477 3008 valde
2530 2956 3020 3026 exasperaverat,
3051 2957 3290 3011 coactus
3331 2955 3419 3012 est
3466 2970 3504 3013 a
3544 2957 3663 3014 Deo
3699 2958 3835 3032 pati,

2299 3043 2466 3117 quod
2491 3043 2555 3102 in
2574 3045 2692 3104 alio
2719 3046 3197 3122 reprehenderat.
3229 3052 3497 3123 Cumque
3532 3065 3676 3108 eum
3715 3057 3833 3111 ten-

2296 3138 2440 3197 tatio
2464 3137 2654 3196 carnis
2673 3139 2802 3212 jam
2840 3138 2923 3197 sic
2950 3139 3266 3214 affligeret,
3296 3146 3361 3200 ut
3399 3144 3522 3217 pati
3547 3159 3675 3202 non
3702 3161 3832 3220 pos-

2296 3236 2403 3302 set,
2431 3231 2538 3289 sed
2564 3232 2643 3290 ad
2669 3231 2950 3291 sarculum
2990 3234 3185 3293 redire
3214 3235 3557 3310 disponeret
3578 3280 3599 3312 ‚
3627 3240 3832 3300 missus

2298 3324 2489 3384 estad
2528 3341 2667 3383 eum
2704 3325 2857 3384 alius
2902 3332 3135 3385 sanctus
3160 3332 3362 3403 pater,
3403 3331 3507 3404 qui
3550 3332 3773 3394 diceret
3812 3354 3827 3393 ε

2300 3436 2332 3472 κ
2357 3417 2496 3477 Ideo
2524 3418 2630 3476 tibi
2652 3419 2769 3477 hoc
2796 3419 3062 3493 contigit,
3091 3423 3236 3495 quia
3264 3422 3349 3480 illi
3384 3423 3551 3482 fratri
3580 3428 3830 3503 compati

2294 3511 2612 3582 nescivisti,
2637 3516 2704 3570 ut
2732 3512 2924 3572 discas
2949 3517 3229 3591 compati,
3252 3525 3310 3576 et
3325 3520 3476 3578 scias
3499 3520 3653 3594 quid
3675 3527 3759 3581 oet
3773 3524 3825 3581 ⁸:

2295 3609 2723 3672 uismcordiam
2754 3612 2894 3681 volo,
2925 3616 2977 3667 et
3006 3628 3115 3668 non
3134 3616 3479 3685 sacrificium.
3509 3635 3539 3670 ιι
3572 3618 3741 3676 Unde
3777 3623 3828 3677 et

2295 3702 2610 3774 Apostolus
2636 3702 2842 3763 docuit
2878 3704 2900 3740 ⁸
2948 3722 2965 3762 ε
3016 3725 3047 3757 α
3085 3705 3144 3765 Si
3167 3712 3619 3783 praeoccupatus
3662 3710 3827 3770 fuerit

2290 3794 2477 3853 homo
2530 3796 2593 3852 in
2646 3796 2849 3871 aliquo
2901 3797 3146 3870 delicto,
3190 3813 3299 3857 vos
3345 3801 3452 3875 qui
3501 3802 3825 3877 spirituales

2292 3891 2458 3959 ostis,
2493 3891 2757 3951 instruite
2810 3893 3156 3967 hujusmodi
3199 3895 3264 3954 in
3302 3896 3510 3971 spiritu
3557 3898 3823 3973 lenitatis,

2291 3985 2670 4044 considerans
2713 3988 3089 4063 temetipsum
3104 4033 3123 4061 ,
3180 4004 3258 4048 ne
3301 3992 3361 4048 et
3406 3995 3469 4049 tu
3510 3995 3817 4052 tenteris.»

2288 4082 2473 4138 Nemo
2501 4079 2660 4137 enlm
2687 4084 2817 4152 stat,
2853 4082 2967 4139 nisi
2992 4083 3110 4140 Deo
3138 4086 3368 4141 tenente
3399 4102 3416 4142 ε
3441 4101 3623 4146 nemo
3653 4088 3817 4160 cadit,

2288 4175 2402 4233 nisi
2441 4178 2558 4234 Deo
2593 4162 2960 4251 permittente
2994 4195 3010 4235 ε
3042 4193 3185 4251 ergo
3223 4180 3325 4253 qui
3368 4185 3510 4254 stat,
3553 4200 3679 4243 non
3713 4202 3820 4243 ειη

2287 4268 2485 4327 virtuti
2522 4270 2902 4344 appropriet;
2938 4275 2995 4329 et
3039 4271 3177 4330 ideo
3222 4272 3383 4331 fratri
3427 4277 3666 4337 cadenti
3706 4296 3817 4338 non

2285 4361 2541 4435 insultet,
2571 4364 2678 4423 sed
2706 4365 2759 4423 ei
2788 4366 3041 4441 perfecte
3060 4367 3406 4442 condolens,
3423 4385 3536 4445 pro
3554 4389 3630 4432 eo
3648 4376 3817 4432 Deum

2287 4457 2563 4515 continue
2592 4462 2737 4517 oret.

2356 4552 2573 4621 Quarto
2600 4551 2705 4609 lux
2746 4556 2832 4611 est
2868 4554 3049 4613 animi
3084 4556 3397 4630 purgativa
3430 4560 3489 4616 et
3529 4558 3817 4619 illumina·

2284 4644 2422 4716 tiva,
2451 4644 2614 4703 etsie
2652 4646 2997 4719 regulariter
3033 4647 3095 4706 in
3136 4649 3491 4709 obscuritate
3520 4651 3815 4713 latentium

2285 4740 2577 4798 ostensiva
2596 4781 2615 4810 ,
2659 4742 2717 4797 et
2758 4756 2867 4814 per
2911 4757 3281 4816 consequens
3318 4744 3655 4817 arguitiva:
3682 4764 3815 4807 nam

2285 4848 2421 4890 cum
2468 4834 2695 4891 malum
2744 4833 2989 4907 detegit,
3026 4835 3220 4909 ipsum
3274 4838 3650 4910 arguendum
3695 4857 3812 4901 esse

2284 4925 2556 4985 ostendit.
2587 4928 2830 4984 Sanctus
2859 4943 3000 5001 ergo
3036 4926 3378 4987 Ambrosius
3410 4930 3523 4989 fuit
3556 4932 3663 4992 lux
3691 4935 3812 4993 illu·

2283 5021 2567 5079 minativa
2583 5063 2601 5093 ,
2637 5022 2948 5096 purgativa
2966 5065 2985 5095 ,
3013 5026 3392 5097 peccatorum
3417 5029 3734 5101 ostensiva,
3761 5033 3811 5087 et

2282 5115 2592 5189 arguitiva.
2642 5117 2790 5174 Nam
2836 5115 3134 5191 purgabat
3174 5120 3231 5176 et
3270 5117 3672 5194 illuminabat,
3706 5123 3807 5181 do·

2280 5250 2373 5305 sn.
2407 5251 2534 5315 nat,
2568 5251 2654 5303 tib.
2689 5252 2751 5301 ιι.
2780 5274 2841 5287 -
2867 5251 2889 5286 ⁸
2915 5250 3096 5311 aceti..
3124 5262 3264 5312 mx,
3295 5256 3371 5304 ιθ.
3403 5274 3466 5292 -
3493 5254 3519 5291 ι
3546 5257 3563 5306 ι
3596 5257 3731 5318 cor„
3757 5268 3803 5320 x,

2284 5327 2361 5375 12.
2384 5349 2445 5362 —
2473 5325 2495 5359 ⁸
2520 5322 2730 5376 Masta..
2761 5334 2838 5386 tx,
2875 5326 2950 5376 13.
2979 5348 3042 5362 -
3071 5325 3093 5360 ⁸
3119 5323 3260 5389 Gal„
3288 5335 3360 5390 vr,
3392 5329 3437 5377 l.

2345 5407 2413 5472 (α)
2441 5408 2563 5461 Coet.
2590 5407 2709 5460 edit.
2744 5412 2907 5474 putet.
