4059 6317
826 504 1208 577 DOMINICA
1247 500 1386 570 XIII
1429 502 1628 570 POST
1665 502 2258 572 PENTECOSTEN.
2308 508 2572 577 SERMO
2617 511 2726 576 ΙΙΙ.

177 639 390 708 decem
422 644 870 712 mandatorum
895 646 1048 710 sunt
1070 640 1388 706 conversi.
1422 637 1714 705 Conside-

3250 523 3363 585 411

1824 640 2198 723 Jerusalem,
2246 659 2335 710 an
2381 646 2729 716 invenietis
2769 647 2986 715 virum
3025 651 3375 730 facientem

175 750 449 816 randum
474 770 660 835 ergo,
688 754 860 838 quod
887 754 1106 819 decem
1136 749 1582 814 mandatorum
1601 748 1715 813 ob·
1813 747 2166 831 judicium,
2196 757 2255 817 ec
2282 760 2660 836 quaerentem
2690 755 2882 836 fidem
2914 775 2931 820 ε
2961 763 3371 842 etpropmus

173 859 528 922 servatores
546 879 583 924 a
602 860 779 944 lepra
797 860 1001 943 culpae
1019 856 1435 935 mundantur,
1463 874 1502 919 a
1531 873 1718 937 poena

172 963 486 1047 gehennae
524 967 893 1048 liberantur,
934 965 1207 1050 pecunia
1243 962 1469 1045 gratiae
1503 962 1715 1026 ditan-

169 1076 298 1151 tur,
327 1073 461 1138 vita
488 1074 716 1156 gloriae
743 1092 874 1139 non
900 1073 1261 1157 privantur.
1450 1057 1461 1070 ⁹

246 1179 334 1245 De
364 1181 574 1263 primo
597 1182 829 1246 dicitur
853 1182 962 1246 hic
991 1203 1007 1245 ε
1037 1181 1267 1250 Nonne
1300 1177 1514 1244 decem
1535 1193 1718 1243 mun-

170 1286 316 1356 dati
337 1293 522 1367 sunt,
550 1307 590 1352 a
614 1288 792 1371 lepra
817 1289 1148 1366 vitiorum,
1176 1285 1288 1368 qui
1315 1284 1549 1349 scilicet
1567 1303 1717 1349 vere

169 1395 457 1459 conversi
518 1395 777 1462 fuerunt
835 1395 917 1459 ad
972 1393 1444 1459 observantiam
1496 1392 1718 1456 decem

171 1503 639 1570 mandatorum.
687 1502 965 1568 Multum
1019 1502 1320 1567 abhorret
1366 1499 1561 1564 homo
1616 1498 1716 1563 le-

170 1628 350 1694 pram
389 1613 692 1695 corporis.
723 1611 771 1677 Ο
800 1616 1039 1695 quanto
1080 1611 1291 1692 magis
1316 1609 1718 1674 abhorrenda

170 1725 261 1786 est
286 1719 463 1803 lepra
487 1720 725 1786 animae
750 1723 766 1783 l
801 1724 1060 1804 propter
1084 1719 1259 1783 illam
1288 1719 1462 1781 enim
1487 1718 1569 1782 ab
1593 1717 1712 1782 ho-

168 1828 448 1894 miuibus
474 1829 927 1912 temporaliter,
966 1832 1226 1912 propter
1272 1826 1460 1890 istam
1500 1829 1728 1890 autem·

168 1936 250 2002 ab
301 1934 551 2018 angelis
592 1940 658 2000 et
700 1936 935 2001 sanctis
981 1935 1283 2000 omnibus
1332 1932 1718 1997 aeternaliter

168 2043 455 2127 ejicietur
479 2053 494 2081 ¹
528 2063 550 2108 t
575 2044 858 2126 Eiicient
882 2045 962 2111 de
983 2044 1222 2111 castris
1244 2058 1489 2110 omnem
1514 2046 1719 2124 lepro-

169 2167 333 2229 sum,
362 2154 482 2217 etc.
514 2149 880 2216 Bernardus
898 2158 922 2193 ¹
955 2171 970 2214 ε
1010 2174 1042 2211 α
1070 2150 1253 2230 Quia,
1276 2152 1485 2232 putas,
1514 2167 1718 2231 quan-

166 2260 270 2322 tus
306 2257 519 2322 luctus
557 2258 699 2339 erit,
741 2259 887 2341 quis
937 2275 1198 2336 moeror,
1252 2275 1397 2340 quae
1437 2256 1713 2336 tristitia,

166 2365 424 2449 quando
449 2367 915 2449 separabuntur
941 2365 1150 2430 melia
1171 2365 1490 2430 consortio
1512 2365 1718 2430 bono·

163 2492 312 2539 rum
340 2474 428 2568 ad
449 2474 923 2540 damnationem
945 2497 963 2553 3
996 2475 1253 2557 quando
1280 2472 1491 2538 traditi
1512 2473 1581 2537 iu
1599 2490 1716 2556 po-

163 2583 457 2646 testatem
474 2581 843 2646 daemonum
862 2581 1054 2648 ibunt
1067 2600 1217 2646 cum
1237 2580 1392 2666 ipsis
1407 2581 1472 2644 in
1492 2580 1716 2662 ignem

163 2693 504 2766 aeternum,
542 2688 631 2752 ibi
665 2706 1004 2771 nunquam
1032 2688 1251 2753 miseri
1280 2689 1511 2766 lucem,
1540 2706 1714 2753 nun-

163 2814 359 2879 quam
385 2796 675 2878 requiem
703 2795 1017 2880 adepturi,
1046 2796 1158 2860 sed
1186 2814 1300 2879 per
1327 2796 1529 2861 millia
1564 2795 1710 2860 mil-

161 2903 321 2969 lium
348 2922 670 2970 annorum
699 2904 875 2986 igne·
892 2904 1240 2983 cruciandi,
1278 2921 1395 2970 nec
1421 2924 1714 2987 unquam

159 3009 310 3075 inde
347 3011 704 3078 liberandi?
737 3035 769 3072 ι)
808 3011 934 3078 Sed
968 3012 1276 3091 Christu3‚
1321 3018 1395 3078 ut
1434 3012 1716 3096 leprosas

161 3118 409 3184 animas
460 3119 824 3199 mundaret,
880 3121 1017 3203 ipse
1072 3124 1379 3203 tanquam
1425 3120 1714 3204 leprosus

161 3244 388 3309 passus
423 3229 519 3291 est
546 3245 618 3291 se
646 3228 969 3292 contemni
997 3234 1021 3270 ⁸
1055 3250 1072 3292 ι
1107 3227 1237 3294 Nos
1270 3230 1714 3311 reputavimus

161 3349 303 3399 eum
331 3336 525 3416 qwasi
562 3335 902 3417 leprosum.
945 3335 1289 3401 Mundatur
1325 3341 1545 3401 autem
1570 3337 1711 3401 ani-

162 3459 268 3506 ma
291 3441 560 3525 leprosa,
588 3441 692 3507 vel
705 3441 776 3506 in
793 3461 966 3526 aqua
984 3443 1305 3525 baptismi,
1326 3443 1490 3507 sicut
1516 3443 1715 3526 sigui-

161 3550 393 3615 ficatur
418 3550 490 3614 in
515 3548 838 3628 Naaman;
888 3550 989 3615 vel
1034 3551 1104 3615 in
1153 3550 1262 3614 via
1305 3550 1710 3633 poenitentiae.

161 3655 342 3723 Unde
387 3656 466 3721 de
502 3656 720 3722 decem
764 3656 1031 3740 leprosis
1076 3657 1180 3721 hic
1215 3657 1446 3722 dicitur
1472 3657 1494 3694 ⁴
1527 3680 1541 3720 ε
1583 3657 1715 3740 Qui

161 3763 841 3843 damirent,mundati
858 3768 1034 3831 sunt.
1067 3764 1400 3841 Quomodo
1426 3765 1713 3830 eundum

160 3871 242 3936 sit
264 3873 336 3935 in
363 3871 474 3938 via
493 3872 911 3954 poenitentiae,
937 3871 1174 3937 dicitur
1191 3871 1261 3935 in
1277 3869 1531 3938 Psalmo
1548 3872 1628 3954 (a)
1648 3877 1671 3912 ⁸
1692 3895 1706 3937 :

161 3982 414 4047 Euntes
438 3979 622 4045 ibant
647 3985 709 4046 et
734 3978 999 4061 fiebant,
1028 3982 1148 4042 etc.

241 4087 330 4152 De
357 4086 636 4151 secundo
672 4092 696 4128 ⁸
734 4107 751 4150 z
787 4084 930 4152 Non
958 4084 1166 4153 delebo
1191 4089 1449 4169 propter
1473 4085 1709 4154 decem.

161 4195 326 4266 Nota
350 4194 512 4259 ista:
544 4194 867 4277 quomodo
893 4194 1204 4261 Dominus
1229 4199 1487 4278 propter
1512 4197 1712 4281 quiu-

161 4302 500 4386 quaginta,
531 4301 636 4367 vcl
662 4302 1117 4385 quadraginta,
1164 4302 1272 4368 vel
1314 4303 1570 4385 viginti,
1610 4305 1713 4370 vel

133 4414 426 4496 ⁸propter
476 4408 694 4474 decem
745 4409 1130 4491 pepercisset
1181 4409 1497 4491 Sodomis,
1553 4430 1714 4495 quos

160 4517 318 4600 igne
360 4520 426 4581 et
453 4515 764 4599 sulphure
798 4514 1052 4580 delevit.
1102 4515 1180 4581 In
1221 4536 1353 4601 quo
1387 4518 1714 4584 damnatio

161 4628 408 4696 aterna
431 4624 838 4706 significatur
870 4640 889 4684 z
918 4621 1211 4689 Psalmus
1235 4631 1258 4667 '¹
1291 4646 1307 4690 ε
1342 4626 1547 4709 Ionis,
1577 4627 1709 4694 stal-

156 4731 353 4814 μιαν,
383 4736 444 4799 et
467 4732 745 4813 spiritus
769 4730 1211 4814 procellarum,
1232 4735 1351 4797 etc.
1381 4732 1559 4798 Hanc
1585 4751 1715 4798 non

162 4839 378 4904 solum
405 4838 843 4904 observatores
864 4838 1082 4924 decem
1103 4840 1551 4905 mandatorum
1569 4859 1717 4906 eva·

162 4943 353 5023 dunt,
383 4944 491 5010 sed
519 4943 713 5009 etiam
739 4963 964 5010 eorum
994 4945 1239 5010 meritis
1266 4946 1589 5013 damnatio
1610 4966 1715 5014 re-

164 5051 520 5134 proborum
545 5051 858 5129 differtur,
900 5052 1066 5117 sicut
1110 5057 1283 5135 patet
1320 5073 1403 5120 ex
1439 5056 1718 5139 promis-

166 5158 257 5222 sis
292 5157 393 5241 (ὁ).
421 5160 445 5197 ⁸
493 5157 919 5237 considerate,
962 5166 1027 5226 et
1066 5164 1332 5242 qua-rite
1371 5165 1446 5229 in
1484 5164 1714 5245 plateis

234 5356 251 5392 ¹
283 5353 461 5418 Num..
488 5367 538 5420 v,
569 5359 612 5407 2.
637 5382 700 5396 -
726 5357 748 5391 ⁸
777 5358 926 5412 Rern.
949 5382 1013 5398 —-
1040 5357 1060 5389 ³
1086 5360 1206 5423 Ira„
1231 5372 1345 5425 uu,
1377 5364 1424 5413 4.
1444 5389 1508 5401 —
1535 5363 1552 5394 ⁴
1578 5364 1720 5428 Luc„

171 5435 314 5490 nm,
346 5429 421 5480 14.
450 5453 515 5466 -
542 5429 565 5465 ⁸
589 5427 725 5479 Psal.
757 5439 910 5493 exus,
949 5431 995 5482 6.
1026 5454 1092 5471 -
1127 5431 1148 5462 ⁸
1176 5431 1320 5496 Gen„
1348 5441 1507 5497 xvnr,
1546 5433 1626 5485 32.
1653 5462 1718 5475 -

177 5518 197 5558 7
218 5496 356 5551 Psal.
387 5510 441 5565 x,
472 5501 520 5551 7.
553 5525 600 5536 -
634 5498 658 5535 ⁸
677 5501 877 5564 Jerem„
900 5512 950 5565 v,
980 5506 1027 5553 1.
1053 5525 1118 5542 ν·-
1147 5503 1172 5543 ⁸
1196 5506 1432 5573 humet„
1454 5505 1633 5562 cnon.
1663 5507 1718 5558 in

1821 872 1924 922 ero
1942 858 2093 923 eris.
2113 856 2235 922 Sed
2253 860 2333 922 ad
2352 860 2508 941 quid
2526 862 2858 928 differtur?
2873 864 3283 947 Augustinus
3300 872 3323 908 ⁰
3347 894 3362 936 :

1825 985 1856 1024 α
1881 963 2100 1029 Omnis
2125 965 2356 1042 maluS,
2382 972 2495 1031 aut
2515 968 2656 1034 ideo
2674 969 2858 1051 vivit,
2882 976 2957 1036 ut
2980 975 3367 1059 corrigatur,

1822 1075 1935 1134 aut
1956 1075 2029 1135 ut
2056 1090 2169 1154 per
2195 1091 2341 1136 eum
2372 1074 2579 1139 bonus
2603 1083 2995 1143 exerceatur.
3019 1103 3050 1140 n
3075 1081 3198 1148 Sed
3220 1090 3370 1151 nota

1821 1179 1992 1262 quod
2034 1179 2201 1244 infra
2234 1181 2453 1246 decem
2508 1202 2637 1247 non
2678 1184 3020 1265 descendit,
3053 1190 3211 1272 quia
3234 1191 3373 1258 sine

1820 1286 2040 1350 decem
2085 1287 2398 1352 mandatis
2446 1290 2663 1356 nullus
2694 1294 2917 1373 justus
2959 1314 3098 1361 esse
3144 1303 3368 1382 potest,

1820 1394 2040 1458 nullus
2062 1395 2535 1462 damnationem
2567 1399 2799 1465 evadit.
2826 1400 3001 1467 Licet
3020 1407 3239 1470 autem
3260 1425 3374 1490 per

1815 1503 2026 1584 justos
2070 1503 2397 1569 damnatio
2452 1506 2800 1588 impiorum
2854 1511 3052 1591 possit
3102 1513 3367 1595 differri,

1821 1615 2192 1676 nontamen
2218 1630 2334 1696 per
2351 1616 2564 1696 justos
2602 1619 2805 1696 potest
2848 1617 3111 1696 auferri,
3152 1619 3205 1683 si
3241 1639 3373 1686 non

1821 1722 2229 1803 corrigantur
2248 1723 2292 1764 ¹⁰
2316 1746 2331 1787 ε
2355 1726 2441 1790 Si
2456 1725 2657 1804 fuerit
2672 1727 2808 1793 Noe
2831 1735 2892 1794 et
2910 1728 3161 1808 Daniel,
3183 1737 3245 1798 et
3263 1731 3373 1798 Jot

1821 1828 1897 1893 in
1927 1828 2133 1896 medio
2169 1830 2329 1912 eius,
2360 1830 2576 1909 tiliam
2617 1838 2677 1899 et
2715 1833 2925 1912 tiliam
2964 1850 3097 1901 non
3137 1835 3375 1904 libera-

1823 1935 2021 2015 baat3
2063 1936 2180 2003 sed
2214 1940 2349 2019 ipsi
2376 1939 2451 2002 in
2466 1937 2743 2019 justitia
2770 1956 2891 2007 aaa
2915 1940 3368 2012 liberabuntur.

1902 2044 1990 2108 De
2002 2045 2191 2108 tertio
2212 2046 2251 2080 ¹¹
2284 2044 2573 2113 :vocatis
2599 2045 2809 2114 decem
2834 2051 3040 2116 servis
3062 2052 3227 2130 sais,
3259 2052 3368 2120 de-

1822 2153 1928 2221 dit
1955 2156 2051 2219 eis
2078 2152 2292 2218 decem
2337 2170 2546 2234 mnae,
2590 2159 2709 2220 etc.
2755 2155 2961 2222 Homo
3001 2159 3235 2225 nobilis
3277 2167 3375 2227 est

1823 2261 2131 2340 Christus,
2159 2261 2271 2344 qui
2301 2260 2517 2325 decem
2540 2262 2741 2326 servis
2761 2263 2914 2343 suis,
2937 2265 2999 2328 id
3017 2269 3131 2341 est,
3155 2267 3372 2333 decem

1823 2369 2270 2433 mandatorum
2316 2369 2831 2435 observatoribus
2885 2374 3245 2454 pecuniam,
3305 2377 3373 2442 id

1820 2480 1937 2555 est,
1984 2476 2154 2540 bona
2199 2492 2317 2539 sua
2350 2475 2631 2541 tradidit.
2686 2474 3034 2543 Committit
3076 2498 3241 2563 ergo
3291 2484 3373 2550 ad

1821 2583 2125 2665 augenda
2144 2581 2323 2646 lucra
2340 2583 2723 2650 meritorum
2736 2585 2784 2627 ¹²
2810 2604 2828 2648 ε
2850 2586 2933 2650 In
2945 2587 3374 2669 viisjastitioe

1822 2690 2094 2765 ambulo,
2124 2698 2196 2756 ut
2221 2689 2425 2758 ditem
2448 2690 2796 2774 ditiqentes
2814 2709 2933 2773 me,
2960 2700 3018 2761 et
3037 2695 3373 2768 thesauros

1820 2812 2035 2863 eorum
2078 2795 2370 2879 repleam.
2429 2797 2552 2863 Sed
2607 2798 2793 2864 valde
2849 2801 3203 2869 timendum
3249 2811 3369 2887 est,

1820 2906 1992 2987 quod
2021 2924 2250 2972 servus
2275 2906 2643 2987 damnatur,
2693 2909 2805 2992 qui
2844 2911 3206 2993 pecuniam,
3235 2916 3372 2981 sive

1821 3012 2240 3092 materialem,
2285 3014 2421 3078 sive
2466 3015 2864 3097 spiritualem
2916 3017 3215 3101 scientiae,
3271 3022 3373 3088 vel

1820 3118 2158 3202 cujuslibet
2181 3122 2407 3202 gratiae
2433 3140 2567 3186 non
2596 3122 2840 3204 legitur
2878 3127 3169 3208 turpiter,
3206 3128 3373 3196 siout

1821 3223 1994 3287 filius
2023 3222 2358 3306 prodigus,
2390 3226 2785 3308 expendisse,
2806 3228 2915 3293 sed
2930 3230 3375 3298 tautumlucra

1821 3330 1990 3394 bona
2055 3334 2119 3394 et
2181 3349 2452 3413 operum
2508 3339 2931 3413 augmentum
2988 3337 3369 3418 neglexisse.

1823 3435 2088 3520 Propter
2111 3437 2236 3502 hoc
2262 3439 2353 3502 ait
2375 3438 2781 3520 Augustinus
2806 3442 2852 3478 ¹⁸
2885 3464 2900 3507 ε
2930 3465 2962 3503 a
2983 3441 3170 3509 Nulla
3191 3464 3310 3511 nos
3336 3464 3377 3516 α

1821 3543 2137 3627 spirituali
2167 3563 2357 3628 opere
2385 3564 2543 3610 cura
2561 3551 2815 3613 terrena
2840 3549 3164 3633 impediat,
3193 3571 3297 3632 ne,
3319 3554 3376 3619 si

1824 3652 1892 3716 in
1921 3656 2094 3718 terra
2125 3653 2440 3718 talentum
2478 3655 2921 3736 abscondatur,
2960 3656 3270 3726 Dominus
3293 3660 3374 3726 ad

1823 3759 2222 3824 iracundiam
2260 3766 2667 3843 provocetur.
2707 3786 2737 3823 n
2774 3762 2955 3830 Unde
2980 3770 3042 3831 et
3067 3765 3373 3832 Dominus

1821 3868 1983 3934 bene
2017 3870 2250 3935 dicitur
2278 3871 2323 3911 ¹⁸
2353 3870 2755 3937 maledixisse
2782 3873 3001 3953 ficum,
3045 3874 3198 3957 quia
3240 3893 3374 3941 non

1820 3976 2051 4041 habuit
2075 3978 2379 4042 fructum.
2411 3976 2587 4056 Quod
2618 3997 2775 4061 ergo
2814 3982 2937 4045 erit
2976 3980 3055 4045 de
3086 3982 3369 4048 facienti·

1820 4085 1946 4150 bus
1972 4085 2280 4168 pessimos
2305 4085 2550 4150 fructus
2571 4087 2603 4150 2

1902 4192 1988 4258 De
2006 4193 2325 4275 quarto¹⁸:
2342 4193 2559 4260 Decem
2571 4196 2702 4262 viri
2712 4194 3033 4263 dixerant
3045 4196 3133 4263 ad
3145 4197 3376 4265 lemae-

1822 4301 1939 4369 lem
1966 4322 1989 4364 .·
2020 4302 2158 4369 noli
2198 4300 2478 4369 occidere
2530 4318 2670 4381 nos,
2719 4304 2879 4386 quia
2917 4303 3215 4371 habemus
3250 4306 3373 4374 mo-

1821 4426 2091 4477 saarum
2126 4411 2203 4476 in
2240 4424 2419 4493 aare,
2469 4410 2800 4491 frumenti,
2849 4413 3019 4489 vini,
3060 4414 3286 4494 ecclei,
3314 4419 3375 4483 et

1823 4517 2072 4597 hordei,
2103 4521 2163 4583 et
2189 4517 2414 4583 mltis.
2446 4516 2532 4585 Et
2558 4534 2689 4585 non
2715 4519 3039 4599 interfecit
3062 4536 3185 4587 eos.
3216 4518 3375 4587 The-

1824 4642 2059 4690 saurus
2084 4625 2200 4689 iste
2231 4625 2497 4690 virtutes
2535 4626 2878 4707 significat,
2917 4644 3066 4709 quae
3102 4627 3171 4692 in
3209 4646 3373 4712 agro

1824 4734 2035 4800 cordis
2059 4753 2195 4799 esse
2221 4734 2453 4798 debent
2477 4732 2519 4771 ¹⁸
2539 4731 2813 4800 :Simile
2838 4739 2926 4801 est
2957 4751 3216 4818 reanum
3240 4752 3371 4804 οω-

1824 4843 2028 4910 lorum
2054 4842 2378 4919 thesauro,
2424 4844 2545 4906 etc.
2588 4841 3032 4922 Frumentum,
3074 4843 3242 4926 quod
3279 4847 3376 4910 est

1826 4967 2108 5032 granum
2161 4948 2455 5013 omnium
2504 4948 2998 5027 nobilissimum,
3057 4948 3376 5030 significat

1824 5057 2223 5136 charitatem,
2253 5075 2399 5140 quae
2426 5057 2703 5121 nobilior
2726 5060 2823 5121 est
2844 5054 3094 5120 caeteris
3118 5055 3376 5122 virtuti-

1824 5198 1965 5252 Psal.
1993 5208 2099 5260 mv,
2126 5211 2183 5248 n.
2214 5201 2261 5249 4.
2283 5223 2348 5236 —
2378 5199 2418 5234 ί·
2448 5197 2648 5262 Erech,
2678 5209 2791 5258 xiv,
2824 5199 2904 5249 16.
2936 5223 2996 5235 —
3027 5198 3071 5234 ¹¹
3100 5196 3234 5264 Luc„
3263 5209 3373 5265 xzx,

1825 5276 1902 5324 13.
1927 5297 1984 5308 -
2011 5271 2052 5307 ¹²
2080 5273 2244 5333 Prov„
2268 5281 2383 5332 vlu,
2412 5272 2488 5320 21.
2516 5296 2579 5307 —
2603 5270 2645 5305 ¹⁸
2673 5272 2803 5335 Aug.
2831 5296 2886 5306 —
2920 5270 2957 5307 ¹⁴
2977 5271 3151 5335 Marc„
3186 5283 3260 5337 ιι,
3293 5276 3372 5326 14.

1824 5369 1886 5381 —
1914 5344 1955 5379 ⁸⁸
1975 5343 2175 5401 Jerem„
2204 5353 2312 5406 xm,
2340 5343 2390 5392 8.
2414 5367 2479 5378 -
2507 5341 2547 5375 ¹⁸
2574 5341 2777 5400 Mattio„
2806 5352 2936 5404 1111,
2967 5343 3047 5393 44.

1891 5434 1959 5496 (a)
1990 5431 2122 5514 ‚cqh
2160 5431 2284 5486 edit.
2330 5430 2532 5490 dicitur.
2575 5431 2829 5490 Palmum
2863 5457 2928 5470 -
2973 5429 3043 5500 (ὁ)
3081 5432 3233 5486 Forte
3269 5433 3371 5508 lq.

1827 5517 2128 5576 praemoesu.
