4059 6317
1190 493 1401 567 DE'S.
1449 494 1794 564 ANDREA.
1842 497 2107 566 SERMO
2149 496 2228 566 11.

3185 504 3309 569 497

128 638 449 702 Alexander
474 587 746 712 instaret,
772 635 1165 713 philosophus
1192 635 1275 696 ait
1303 653 1320 693 ε
1349 652 1379 690 α
1404 637 1572 707 Rogo
1601 634 1655 691 te
1763 650 1910 694 nera
1934 634 2209 695 intuetur.
2259 657 2288 687 a»
2310 632 2489 693 Filius
2526 632 2733 692 mortis
2770 634 2856 693 est
2906 630 3044 708 ille,
3074 636 3180 711 qui
3220 636 3308 694 vi·

127 738 189 793 ut
211 750 518 793 removeas
562 736 651 806 te,
681 735 739 790 et
784 748 909 814 non
949 730 1181 790 auferas
1224 728 1370 787 mihi
1409 727 1599 785 solem
1640 743 1655 783 t

130 828 264 904 quia
287 827 596 903 prasentia
623 829 725 885 tna
749 842 909 885 nunc
937 824 1083 883 mihi
1110 827 1313 895 nocet,
1339 821 1487 880 dum
1513 818 1659 877 mihi

128 922 309 980 solem
333 920 560 994 aufert3
594 920 703 979 sed
731 919 998 979 absentia
1022 932 1334 992 nunquam
1373 913 1520 972 mihi
1549 929 1661 971 no-

130 1017 258 1073 cuit.
299 1034 329 1071 n
359 1017 511 1088 Ergo
541 1013 591 1072 si
617 1017 812 1073 tantus
834 1028 1005 1072 amor
1025 1009 1387 1087 paupertatis
1405 1024 1530 1067 esse
1551 1024 1662 1082 po·

130 1108 230 1167 tuit
253 1108 317 1166 in
337 1124 609 1184 pagano,
639 1106 789 1183 quid
823 1122 949 1165 esse
986 1105 1164 1163 debet
1187 1104 1251 1162 in
1290 1101 1613 1161 Christiano
1634 1101 1662 1157 t

130 1204 357 1272 Quaerat
401 1200 638 1260 divitias
676 1216 946 1276 paganus
965 1244 982 1271 ,
1024 1198 1129 1274 qui
1172 1197 1297 1255 sine
1331 1199 1450 1254 Deo
1496 1193 1660 1253 vivit.

129 1298 354 1366 Quoerat
388 1294 647 1367 Iudaeus,
676 1294 780 1369 qui
826 1299 1086 1352 terrenas
1122 1289 1546 1366 promissiones
1572 1303 1666 1346 ac·

131 1389 298 1464 cepit.
328 1389 442 1449 Sed
470 1404 592 1464 qna
616 1388 809 1446 fronte
845 1385 1204 1445 Christianus
1239 1382 1475 1441 divitias
1511 1398 1666 1456 quae·

128 1485 230 1557 rit,
271 1485 594 1558 postquam
638 1480 897 1540 Christus
940 1480 1149 1539 beatos
1196 1492 1323 1537 esse
1375 1491 1667 1551 pauperes

129 1577 514 1653 praedicavit?

197 1671 388 1731 Tertio
415 1687 559 1731 crux
582 1668 901 1747 spiritualis
935 1667 1114 1727 debet
1145 1665 1367 1725 habere
1406 1662 1667 1723 latitudi-

131 1781 268 1824 nem
289 1764 607 1824 charitatis.
645 1767 842 1823 Latum
878 1765 965 1821 est
999 1761 1160 1820 enim
1180 1760 1200 1795 ¹
1222 1758 1543 1817 mundanam
1570 1760 1672 1815 Dei

129 1866 312 1922 nimis.
357 1865 472 1921 Nec
506 1861 668 1921 enim
707 1877 877 1921 amor
918 1874 1188 1934 unquam
1234 1856 1319 1915 sic
1358 1854 1667 1931 probatur,

132 1958 180 2016 si
207 1957 280 2016 sit
300 1973 479 2016 verus
496 1999 519 2029 ,
554 1956 704 2015 sicut
743 1956 792 2013 si
830 1970 942 2030 pro
986 1967 1192 2011 amore
1238 1949 1478 2008 alterius
1521 1946 1672 2006 alius

130 2052 438 2111 moriatur.
473 2071 502 2103 α
527 2052 828 2124 majorem,
856 2046 1052 2121 inquit
1077 2043 1364 2103 Dominus
1388 2040 1563 2115 ¹‚hac
1589 2041 1675 2099 di-

131 2146 444 2206 lectionem
473 2162 652 2205 nemo
679 2146 884 2216 habet,
913 2158 1098 2219 quam
1123 2145 1192 2201 ιιι
1216 2141 1478 2200 animam
1505 2154 1674 2196 suam

131 2246 319 2316 ponat
343 2241 479 2315 quis
521 2256 636 2315 pro
683 2238 889 2297 amicis
931 2236 1072 2295 suis,
1102 2256 1132 2293 n
1173 2235 1337 2293 Unde
1383 2233 1532 2291 dum
1564 2232 1674 2290 filii

131 2334 398 2394 Zebedaei
420 2336 688 2410 peterent
715 2349 753 2391 a
785 2330 1034 2390 Domino
1059 2344 1313 2403 regnum
1330 2371 1351 2401 ,
1383 2326 1550 2402 quod
1591 2330 1678 2385 est

129 2429 326 2488 solum
353 2428 717 2499 amantium,
747 2426 1028 2485 Dominus
1056 2425 1136 2483 ait
1165 2423 1246 2482 ad
1272 2439 1375 2481 eos
1401 2424 1425 2459 ⁸
1452 2440 1468 2480 ε
1506 2438 1538 2476 α
1566 2423 1676 2479 Ρο-

130 2523 286 2582 testis
302 2522 512 2581 bibere
533 2521 779 2580 calicem
804 2535 986 2594 quem
1011 2534 1123 2592 ego
1141 2517 1439 2576 bibiturus
1459 2515 1631 2574 sum?
1645 2535 1674 2572 ι

133 2619 304 2694 quasi
334 2618 495 2677 dicat
525 2636 539 2676 :
570 2620 883 2692 Nunquam
926 2616 1010 2674 sic
1046 2614 1292 2685 amatiS,
1330 2615 1398 2671 ιιι
1421 2628 1534 2687 pro
1560 2611 1678 2669 hoc

130 2728 318 2786 regno
346 2710 630 2771 habendo
669 2727 905 2769 mecum
942 2709 1098 2768 mori
1125 2707 1315 2783 parati
1356 2705 1499 2763 sitis·
1529 2705 1678 2763 Nam

132 2807 209 2865 de
235 2807 372 2882 ipso
404 2805 658 2865 Domino
683 2803 898 2862 dicitur
921 2800 944 2836 ⁸
969 2822 982 2860 ε
1016 2821 1046 2857 α
1075 2800 1385 2876 Proposito
1405 2797 1516 2856 sibi
1538 2814 1681 2871 gau-

132 2900 269 2973 dio,
316 2898 595 2958 sustinuit
646 2897 760 2956 sibi
802 2912 1039 2955 crucem
1058 2939 1076 2968 ,
1124 2894 1289 2953 omni
1336 2892 1679 2952 confusione

132 2996 506 3069 contempta.
529 3012 559 3047 n
587 2994 769 3051 Tanto
796 2991 956 3049 enim
982 3005 1186 3048 amore
1214 2987 1483 3060 ardebat,
1513 2984 1684 3061 quod

129 3088 286 3147 mori
310 3103 433 3163 pro
457 3085 636 3145 nobis
653 3128 673 3158 ‚
720 3089 778 3144 et
803 3082 1090 3143 confundi
1107 3127 1127 3156 ,
1158 3098 1283 3141 non
1311 3082 1508 3139 solum
1536 3094 1681 3138 con-

127 3181 463 3249 temnebat,
483 3179 590 3238 sed
601 3179 990 3254 praeoptabat.
1014 3176 1181 3248 Quod
1202 3174 1518 3251 Apostolus
1537 3172 1683 3231 dum

130 3276 384 3336 attendit
402 3318 423 3348 ,
472 3274 630 3332 mori
683 3290 795 3349 pro
840 3272 1064 3332 Christo
1131 3286 1254 3329 non
1299 3269 1494 3329 timuit
1503 3287 1522 3342 3
1579 3265 1686 3325 sed

130 3370 318 3445 pleno
351 3367 581 3443 gaudio
624 3367 821 3425 cordis
847 3367 928 3426 ad
958 3381 1188 3425 crucem
1233 3363 1493 3423 accessit.
1522 3360 1688 3419 Unde

131 3463 350 3524 videns
380 3478 644 3532 crucem,
657 3477 782 3520 non
807 3460 1023 3532 timuit,
1048 3474 1172 3517 non
1196 3457 1365 3532 fugit,
1398 3471 1522 3515 non
1550 3471 1691 3513 ocu-

130 3556 224 3617 los
252 3558 335 3617 ab
367 3573 445 3617 ea
470 3555 713 3627 avertit3
744 3555 852 3613 sed
877 3552 1254 3625 exclamavit,
1282 3556 1339 3610 et
1365 3550 1553 3608 dixit:
1588 3567 1619 3604 α
1643 3551 1688 3607 Ο

132 3650 301 3710 bona
326 3667 505 3723 crux,
535 3649 640 3707 diu
670 3648 1040 3721 desiderata,
1066 3646 1314 3705 sollicite
1343 3645 1607 3718 quaesita,
1636 3646 1694 3701 et

130 3744 277 3804 ideo
307 3743 763 3819 concupiscenti
810 3741 1011 3801 animo
1044 3742 1408 3816 praeparata,
1445 3737 1611 3796 laetus
1639 3740 1696 3794 et

131 3840 416 3913 gaudens
458 3838 637 3897 venio
669 3836 744 3896 ad
785 3840 873 3909 te,
901 3836 986 3893 ita
1012 3838 1078 3893 ut
1101 3837 1166 3892 tu
1203 3831 1471 3907 gaudens
1514 3829 1695 3889 susci-

130 3933 265 4008 pias
292 3949 400 3992 me
418 3976 439 4006 ,
490 3930 848 4004 discipulum
895 3928 1023 4002 ejus
1059 3928 1164 4003 qui
1196 3924 1478 4003 pependit
1511 3925 1575 3983 in
1616 3929 1692 3983 te.

130 4027 315 4086 Salva
343 4043 476 4097 me,
507 4024 721 4100 inquit,
763 4040 910 4081 crux
934 4021 1225 4097 pretiosa,
1255 4042 1283 4076 n
1318 4025 1424 4079 etc.
1454 4020 1511 4079 Si
1540 4019 1696 4078 enim

132 4124 296 4181 tanta
358 4124 455 4179 est
514 4119 606 4177 vis
660 4116 879 4176 amoris
896 4158 917 4188 ,
966 4119 1035 4173 ut
1073 4115 1247 4173 multi
1295 4118 1700 4174 Romanorum

129 4220 392 4292 propter
431 4229 707 4273 amorem
753 4212 957 4287 patriae
986 4209 1144 4269 filios
1168 4214 1224 4268 et
1248 4212 1521 4285 parentes
1549 4208 1703 4267 occi·

136 4309 362 4383 derint,
395 4313 460 4366 et
483 4306 656 4366 multi
680 4305 761 4364 ob
791 4321 1060 4364 amorem
1081 4318 1341 4362 uxorum
1369 4305 1591 4379 seipsos
1617 4304 1704 4362 in-

133 4403 512 4473 terfecerint,
540 4405 599 4459 et
626 4398 798 4457 multi
831 4399 912 4458 ob
960 4397 1338 4459 dilectionem
1373 4400 1703 4458 amicorum

133 4514 248 4558 nec
274 4497 447 4557 mori
471 4495 838 4569 expaverint,
867 4493 1016 4568 quid
1042 4509 1154 4569 pro
1182 4493 1408 4551 Christo
1434 4495 1704 4553 creatore

131 4590 571 4669 potentissimo
592 4632 611 4661 ‚
639 4588 1032 4662 Redemptore
1068 4587 1369 4662 piissimo,
1405 4589 1573 4646 Patre
1599 4588 1708 4646 be-

131 4685 536 4761 nignissimo,
553 4681 926 4741 Benefactore
945 4683 1267 4757 praecipuo,
1283 4682 1554 4757 Magistro
1571 4683 1711 4740 doc-

129 4782 408 4853 tissimo,
454 4775 683 4835 debent
716 4775 908 4835 facere
949 4776 1284 4849 Christiani,
1313 4777 1415 4851 qui
1445 4792 1557 4835 nos
1581 4779 1713 4834 tan-

131 4877 266 4933 tum
292 4871 561 4943 amavit,
593 4870 759 4947 quod
785 4874 909 4928 tam
935 4870 1284 4945 impiissimo
1308 4886 1522 4945 genere
1546 4886 1709 4929 mor-

130 4969 206 5026 tis
236 4984 388 5027 cum
438 4964 744 5023 sceleratis
780 4964 936 5022 mori
974 4978 1098 5022 non
1140 4963 1381 5037 refugit,
1429 4963 1537 5023 sed
1563 4963 1713 5039 seip-

130 5076 320 5139 psum
355 5057 630 5120 obtulit?
655 5057 795 5128 Quis
811 5072 957 5130 ergo
981 5055 1235 5132 amplius
1250 5058 1401 5115 mori
1419 5072 1530 5131 pro
1551 5059 1712 5116 tanto

134 5156 296 5215 duce
357 5150 681 5229 pavescit?
723 5149 1053 5209 Bernardus
1093 5149 1117 5186 ⁸
1165 5167 1184 5208 t
1236 5169 1265 5204 α
1298 5149 1511 5209 Fidelis
1545 5149 1715 5208 miles

129 5249 404 5310 vulnera
428 5261 554 5306 sua
579 5260 702 5304 non
729 5246 924 5320 sentit,
951 5243 1100 5303 dnm
1124 5244 1371 5319 benigni
1392 5244 1563 5303 ducis
1586 5243 1720 5303 vul-

200 5380 220 5415 ¹
257 5377 402 5429 Psal.
443 5386 647 5435 cxvm,
683 5377 761 5428 96.
796 5401 860 5413 -
890 5376 909 5407 ²
941 5377 1108 5428 loon..
1138 5386 1227 5437 xv,
1265 5358 1349 5427 ¹¹3.
1375 5400 1435 5412 -
1463 5375 1484 5406 ⁸
1517 5375 1719 5440 Μαίνῃ,

136 5462 242 5517 xx,
279 5455 367 5504 22.
402 5475 472 5487 —-
502 5447 527 5483 ⁸
572 5446 743 5512 Hebr„
776 5459 877 5509 xu,
903 5450 954 5498 2.
984 5474 1047 5485 —
1075 5447 1093 5478 ⁵
1124 5448 1275 5498 Bern.
1313 5474 1368 5484 —
1396 5446 1420 5482 ⁸
1445 5452 1571 5510 lom,
1601 5458 1717 5508 vm,

399 5555 571 5604 ΤΟΜ.
614 5554 752 5601 1111.

1768 728 1914 787 dens
1943 746 2150 804 regem
2188 728 2398 803 gladiis
2422 727 2821 801 vulneratum,
2847 745 3133 788 mucrone
3159 746 3305 788 con-

1766 813 2021 895 fossum,
2055 825 2342 898 sanguine
2376 824 2767 895 cruentatum,
2790 839 2865 881 ex
2891 823 3053 882 bello
3084 839 3146 883 se
3170 822 3309 882 sub·

1767 916 1991 989 trahat,
2020 921 2080 976 et
2105 918 2330 992 absque
2370 916 2531 975 bello
2574 916 2700 975 sine
2734 916 2979 976 vulnere
3023 917 3100 975 de
3146 917 3309 977 bello

1766 1010 2026 1069 recedat.
2064 1016 2212 1071 Nam
2249 1011 2463 1070 milites
2504 1010 2850 1084 Alexandri,
2894 1010 3165 1086 quamvis
3204 1027 3312 1069 nu·

1770 1122 1937 1164 mero
1963 1106 2163 1182 pauci,
2193 1111 2249 1165 et
2271 1105 2595 1165 adversarii
2619 1104 2812 1178 multi,
2839 1105 2986 1163 dum
3013 1122 3186 1163 suum
3220 1120 3313 1163 re-

1772 1215 1907 1272 gem
1933 1200 2129 1274 primo
2159 1199 2315 1258 acies
2341 1200 2600 1258 hostium
2628 1198 3008 1257 invadentem
3020 1197 3310 1271 viderent,

1771 1294 1856 1352 sic
1903 1294 2321 1354 animabantur
2359 1293 2439 1351 ad
2473 1292 2737 1364 bellum,
2773 1294 2841 1350 ut
2882 1292 3059 1367 pauci
3093 1292 3314 1352 multos

1773 1389 2116 1461 sternerent,
2146 1402 2218 1446 eo
2247 1386 2416 1463 quod
2442 1386 2597 1445 mori
2632 1401 2743 1461 pro
2768 1402 2878 1445 suo
2905 1402 3046 1462 rege
3072 1403 3197 1446 non
3216 1402 3314 1446 re-

1771 1479 2073 1555 fugerent,
2103 1481 2208 1540 sed
2233 1483 2520 1556 optarent.
2552 1483 2699 1539 Nam
2726 1483 2784 1538 et
2808 1479 3055 1555 apiculae
3078 1496 3193 1556 pro
3223 1481 3315 1539 sui

1773 1576 1929 1648 regis
1964 1566 2170 1635 amore
2211 1579 2349 1633 sunt
2388 1573 2544 1634 mori
2588 1577 2828 1649 paratae.
2863 1576 3015 1649 Ergo
3055 1573 3203 1650 quid
3227 1574 3317 1635 fa-

1775 1669 2056 1727 ciendum
2081 1669 2415 1729 Christianis
2441 1683 2553 1744 pro
2579 1683 2720 1742 rege
2747 1683 2889 1741 suo,
2918 1668 3019 1743 qui
3048 1684 3161 1744 pro
3196 1684 3311 1727 no-

1776 1762 1869 1820 bis
1906 1762 2096 1823 factus
2131 1767 2218 1822 est
2248 1763 2467 1833 homo,
2499 1765 2557 1822 et
2593 1761 2806 1822 ultimo
2846 1763 3133 1838 pependit
3156 1762 3221 1822 in
3247 1762 3319 1821 li·

1778 1874 1898 1933 gno
1914 1860 1944 1916 ‘1

1850 1954 2068 2023 Quarto
2092 1969 2235 2011 crux
2264 1952 2582 2028 spiritualis
2610 1952 2689 2012 ad
2717 1968 2893 2011 suum
2919 1952 3320 2028 complemen-

1777 2050 1905 2105 tum
1934 2046 2114 2105 debet
2136 2046 2359 2105 habere
2385 2046 2822 2120 longitudinem
2848 2047 3319 2121 perseverantiae,

1779 2140 1903 2199 sive
1946 2139 2426 2213 longanimitatis.
2474 2142 2659 2198 Nemo
2701 2140 2860 2198 enim
2895 2141 3055 2200 valet
3089 2141 3322 2217 aliquid

1780 2232 2075 2307 incipere,
2107 2237 2337 2293 scutum
2365 2233 2445 2292 ad
2470 2234 2700 2293 bellum
2727 2234 2986 2310 arripere
3003 2280 3023 2310 ‚
3050 2236 3321 2296 lanceam

1780 2325 2006 2386 fortiter
2033 2329 2277 2401 agitare,
2305 2327 2530 2387 fortiter
2550 2329 2783 2387 bostem
2802 2329 3104 2404 invadere,
3125 2331 3175 2389 si
3199 2347 3323 2390 non

1783 2423 1860 2481 de
1888 2423 2132 2483 obtenta
2165 2423 2412 2484 victoria
2447 2425 2749 2499 contingat
2790 2430 3021 2485 scutum
3046 2426 3321 2502 abjicere.

1782 2516 1948 2575 Unde
1993 2517 2207 2577 dicitur
2235 2519 2278 2590 ⁸,
2306 2518 2475 2593 quod
2516 2523 2721 2579 contra
2763 2523 2889 2595 Hay
2925 2520 3163 2580 elevans
3200 2520 3325 2597 cly-

1784 2625 1966 2687 peum
1992 2611 2223 2669 tamdiu
2253 2612 2549 2671 elevatum
2563 2612 2772 2685 tenuit,
2793 2608 3106 2690 quousque
3134 2617 3326 2675 attrita

1787 2704 1980 2762 omnis
2006 2704 2235 2763 hostilis
2270 2707 2532 2781 potentia
2574 2706 2703 2766 fuit.
2731 2710 2913 2767 Nemo
2936 2709 3108 2782 iuxta
3135 2710 3331 2768 domi-

1786 2797 1984 2856 nicam
2012 2799 2362 2857 sententiam
2390 2801 2414 2837 ⁷
2442 2799 2619 2859 debet
2657 2801 2866 2860 turrim
2909 2800 3190 2878 fundare,
3214 2805 3329 2865 nisi

1783 2892 2005 2951 habeat
2056 2896 2122 2952 ut
2154 2897 2341 2968 possit
2389 2894 2702 2969 perficere,
2747 2911 2859 2953 nec
2898 2896 3126 2955 bellum
3184 2899 3329 2959 arri·

1789 3001 1954 3061 pere,
1984 2986 2097 3044 nisi
2124 2987 2343 3046 habeat
2366 2988 2580 3046 milites
2607 3004 2745 3047 cum
2773 2990 2991 3065 quibus
3015 2993 3201 3067 possit
3228 2992 3332 3051 ad-

1790 3078 2064 3138 versariis
2092 3079 2361 3140 obviare.
2398 3081 2486 3141 Ob
2513 3080 2670 3140 hanc
2701 3098 2977 3156 causam,
3006 3101 3145 3144 cum
3168 3086 3331 3162 prin·

1794 3170 1952 3248 cipes
1975 3173 2353 3233 sacerdotum
2382 3175 2644 3234 dicerent
2663 3172 2687 3208 ⁸
2717 3194 2732 3235 t
2766 3194 2797 3231 α
2828 3176 2886 3236 Si
2907 3191 3013 3235 rex
3031 3180 3208 3238 Israel
3226 3184 3333 3256 est,

1795 3266 2120 3326 descendat
2143 3284 2304 3326 nunc
2339 3268 2414 3328 de
2443 3285 2637 3342 cruce,
2664 3272 2732 3327 ut
2756 3269 3089 3345 videamus,
3118 3276 3176 3333 et
3210 3291 3336 3335 cre-

1798 3361 2045 3435 damus3
2075 3383 2105 3419 ι
2141 3363 2423 3421 Dominus
2460 3365 2541 3422 ob
2577 3365 2693 3423 hoc
2743 3363 3099 3426 descendere
3127 3369 3336 3444 noluit,

1799 3458 1927 3531 sed,
1946 3457 2115 3533 quod
2134 3459 2330 3534 coepit,
2359 3475 2549 3535 usque
2573 3459 2653 3518 ad
2670 3459 2854 3519 finem
2880 3463 3088 3534 tenuit,
3107 3467 3164 3524 et
3186 3481 3338 3540 opus

1798 3551 2224 3627 redemptionis
2253 3553 2530 3612 humanoe
2555 3554 2890 3630 complevit.
2930 3556 3021 3615 Sic
3050 3560 3108 3616 et
3132 3557 3340 3619 beatus

1800 3645 2090 3717 Andreas,
2120 3646 2270 3704 sicut
2303 3645 2364 3703 in
2392 3646 2648 3720 legenda
2674 3649 2800 3722 eJus
2823 3648 3057 3725 dicitur,
3074 3651 3149 3711 de
3168 3669 3340 3714 cruce

1803 3740 2027 3815 deponi
2052 3739 2244 3797 noluit
2255 3759 2274 3814 3
2306 3740 2413 3798 sed
2440 3757 2631 3816 usque
2672 3742 2752 3801 ad
2789 3748 3043 3804 mortem
3078 3746 3142 3805 in
3169 3764 3340 3808 cruce

1801 3834 2145 3909 permansit.
2200 3835 2266 3891 Et
2306 3833 2438 3907 lege
2481 3834 2819 3910 historiam,
2868 3838 3012 3913 quia
3047 3844 3132 3899 est
3165 3840 3342 3901 valde

1805 3928 2086 4006 pulchra,
2135 3930 2193 3986 et
2235 3927 2547 4001 diligenter
2589 3944 2784 3989 narra.
2834 3933 2950 3992 Sed
2991 3934 3124 4008 quis
3161 3934 3344 3995 hodie

1806 4025 2146 4098 perseverat
2187 4022 2251 4079 in
2298 4036 2471 4079 cruce
2507 4022 2910 4097 poenitentiam
2948 4042 3128 4101 agens
3155 4044 3347 4104 usque

1809 4116 1872 4174 in
1900 4116 2120 4175 finem?
2147 4115 2257 4185 Qui
2286 4115 2444 4173 enim
2481 4115 2544 4173 in
2578 4116 3038 4191 Quadragesima
3061 4121 3350 4196 poeniten-

1809 4210 1955 4269 tiam
1983 4209 2300 4284 accipiunt,
2336 4210 2474 4283 post
2506 4210 2728 4268 Pascha
2765 4211 2957 4270 statim
2983 4213 3062 4271 ab
3090 4230 3162 4273 ea
3185 4232 3349 4275 rece-

1814 4304 1991 4374 dunt,
2038 4306 2096 4361 et
2137 4303 2274 4360 ideo
2313 4317 2491 4361 omne
2536 4302 2811 4361 meritum
2851 4321 3026 4363 suum
3070 4308 3349 4382 perdunt.

1813 4401 1997 4456 Narra
2029 4396 2127 4454 bic
2174 4395 2249 4454 de
2292 4396 2638 4470 poenitentia
2672 4396 3063 4470 Magdalenae,
3101 4404 3159 4459 et
3192 4401 3355 4461 illius

1813 4491 2004 4551 Mariae
2031 4490 2406 4565 AEgyptiacae,
2435 4505 2571 4565 quae
2596 4489 2830 4564 triginta
2849 4492 3095 4553 annisin
3122 4494 3354 4555 deserto

1816 4583 2173 4661 permansit,
2224 4586 2282 4641 et
2333 4583 2562 4643 tamdiu
2585 4626 2606 4656 ,
2646 4585 2814 4660 qnod
2859 4586 3034 4662 coepit
3053 4630 3075 4660 ,
3128 4588 3356 4664 tenuit,

1819 4678 2037 4738 deinde
2080 4676 2161 4736 ad
2197 4676 2477 4736 bravium
2515 4680 2896 4753 concupitum
2944 4682 3230 4756 pervenit.
3268 4682 3359 4742 Ad

1821 4772 1988 4847 quod
2000 4771 2288 4847 perducat
2316 4787 2428 4832 nos
2452 4774 2616 4831 Jesus
2639 4771 2914 4833 Christus.

2368 4934 2626 4997 SERMO
2666 4934 2746 4996 111
2771 4933 2819 4995 ⁹.

1896 5060 2180 5131 Proposito
2206 5059 2314 5115 sibi
2342 5058 2545 5130 gaudio
2579 5061 2844 5116 sustinuit
2871 5074 3076 5117 crucem
3096 5057 3158 5118 ¹⁰.
3188 5061 3363 5120 Com-

1826 5152 2082 5211 munitet
2132 5148 2299 5225 apud
2340 5155 2543 5224 gentes
2577 5151 2944 5212 consuetudo
2990 5153 3262 5227 inolevit,
3304 5161 3369 5216 ut

1828 5245 2200 5306 currentibus
2226 5245 2290 5302 in
2316 5245 2508 5303 stadio
2534 5246 2846 5320 praemium
2867 5261 3094 5319 cursus,
3120 5264 3365 5325 corona,

1830 5378 1882 5438 9.,
1918 5399 1978 5413 -
2014 5374 2031 5406 ”
2072 5373 2206 5433 Luc„
2257 5382 2364 5431 xiv,
2413 5372 2504 5436 28,
2546 5373 2624 5422 29.
2666 5396 2728 5410 —
2771 5370 2796 5408 ⁸
2837 5368 3016 5437 Marc„
3060 5383 3146 5440 xv,
3188 5374 3269 5425 32.
3307 5400 3371 5414 —

1829 5446 1852 5481 ¹
1881 5448 2027 5497 Hunc
2057 5458 2163 5496 non
2189 5443 2347 5496 habet
2373 5443 2494 5496 edit.
2523 5445 2718 5509 Hagen.
2746 5470 2808 5481 —
2835 5445 2876 5480 ¹⁸
2902 5444 3074 5513 Helm,
3103 5458 3200 5513 ιιι,
3228 5450 3276 5500 2.

3053 5541 3131 5603 32
