4059 6317
897 519 1280 589 DOMINICA
1319 520 1404 588 IN
1445 521 1760 589 OCTAVA
1800 520 2163 591 PASCHAE.
2208 523 2472 593 SERMO
2515 525 2625 592 111.

182 663 303 725 tum
324 661 416 725 est
437 658 704 724 verbum
725 662 918 725 tuum
947 658 1018 723 in
1066 657 1386 740 gaudium
1425 662 1490 724 et
1524 658 1690 724 laeti-

182 769 312 833 tiam
347 766 545 832 cordis
576 766 728 831 mei.
773 789 805 828 n
844 765 1130 832 Verbum
1174 766 1468 833 divinum
1512 770 1690 851 post-

180 895 345 960 quam
370 875 638 959 perfecta
677 876 806 941 fide
840 876 1146 954 creditur,
1187 874 1280 940 ita
1304 875 1469 940 miro
1496 875 1690 941 modo

181 983 588 1061 delectat,cum
602 982 1011 1066 intelligitur,
1033 986 1110 1048 ut
1137 984 1248 1048 flat
1277 985 1344 1048 in
1373 984 1691 1065 gaudium

179 1094 233 1156 et
244 1089 508 1156 laetitiam
528 1090 738 1156 cordis
753 1090 1197 1173 intelligentis.
1228 1089 1408 1156 Unde
1425 1090 1692 1156 Bernar-

179 1200 278 1265 dus
299 1200 363 1264 ¹:
401 1222 434 1259 α
469 1198 640 1265 Nihil
665 1199 972 1265 libentius
998 1199 1426 1282 intelligimus
1442 1249 1464 1280 ,
1494 1219 1692 1285 quam

181 1307 322 1391 quod
337 1307 650 1374 credimus
664 1307 831 1387 fide3
861 1330 894 1368 ι
916 1325 1067 1373 cum
1092 1311 1308 1374 tamen
1337 1309 1533 1376 homo
1560 1328 1692 1375 non

182 1414 444 1481 assentiat
469 1415 697 1499 primae
740 1415 998 1481 veritati
1041 1419 1301 1500 propter
1342 1417 1686 1496 rationem,

183 1523 273 1589 sed
295 1524 493 1589 solum
519 1528 781 1608 propter
815 1526 959 1607 eJ’us
985 1524 1311 1604 timorem,
1356 1526 1511 1609 quia
1537 1532 1693 1591 tunc

182 1630 316 1696 ratio
358 1633 638 1697 humana
685 1650 819 1697 non
874 1638 1143 1699 evacuat
1185 1634 1491 1699 meritum
1514 1684 1535 1714 ‚
1580 1636 1691 1701 sed

183 1742 412 1803 evacuat
427 1740 635 1805 cordis
651 1740 972 1806 solatium.
991 1739 1284 1808 Secundo
1311 1743 1522 1825 gavisi
1541 1748 1693 1810 sunt

183 1847 599 1930 poepetualiter
611 1896 635 1929 ,
675 1848 818 1913 sine
856 1850 1231 1931 praefixione
1276 1851 1568 1932 termini,
1612 1852 1693 1918 de

185 1955 559 2037 acquisitione
585 1961 913 2040 perpetuae
934 1957 1350 2024 haereditatis.
1375 1959 1455 2024 Et
1472 1959 1551 2025 de
1567 1960 1692 2026 hoc

186 2061 382 2128 dicitur
407 2063 430 2099 ¹
464 2085 481 2127 t
530 2084 563 2124 α
599 2061 883 2130 Gaudete
921 2068 986 2130 et
1021 2065 1304 2131 exultate
1318 2115 1340 2146 ,
1382 2067 1691 2150 quoniam

185 2170 416 2235 nomina
437 2174 652 2237 vestra
675 2175 830 2236 sunt
864 2173 1098 2257 scripta
1131 2174 1199 2238 in
1235 2174 1416 2240 coelo.
1447 2195 1479 2235 ι
1514 2174 1690 2241 Glos-

186 2295 244 2341 sa
285 2295 303 2342 2
338 2300 365 2340 ι
396 2277 542 2344 Sive
593 2278 872 2345 coelestia
885 2329 903 2361 ,
950 2280 1091 2346 sive
1135 2282 1459 2347 terrestria
1499 2299 1694 2365 opera

185 2385 306 2467 quis
331 2387 620 2468 geoeerit,
657 2404 774 2470 per
799 2387 940 2452 haec
963 2388 1149 2471 quasi
1174 2388 1399 2454 litteris
1424 2391 1693 2453 annota-

186 2494 269 2554 tus
287 2493 622 2576 apostolus,
654 2493 758 2559 Dei
786 2495 1098 2560 memoria
1127 2496 1209 2576 (a)
1247 2498 1345 2561 est
1369 2495 1623 2561 affixus.
1652 2518 1684 2557 n

186 2598 315 2665 Cum
337 2619 492 2684 ergo
521 2602 824 2686 discipuli
851 2601 1084 2668 Christi
1102 2606 1334 2686 gerant
1350 2621 1547 2686 opera
1569 2621 1693 2669 coe·

187 2705 354 2789 lestis,
404 2728 555 2775 nam
599 2710 623 2746 ⁸
669 2734 704 2774 ε
721 2729 950 2777 eorum
981 2712 1388 2779 conversatio
1424 2711 1494 2776 in
1519 2712 1695 2777 cerlis

189 2818 286 2896 est,
311 2837 339 2876 ι
373 2817 601 2883 merito
648 2818 1090 2885 attribuuntur
1139 2837 1347 2902 regno
1385 2824 1695 2903 perpetuo

186 2921 249 2985 ad
281 2922 380 2989 Dei
420 2925 803 2990 memoriam
849 2948 864 2991 ε
905 2930 1039 2991 tota
1080 2927 1297 2991 anima
1342 2929 1581 3008 gaudet
1624 2931 1694 2996 in

186 3031 447 3109 praesenu
491 3032 853 3097 secundum
894 3032 1343 3098 rectitudinem
1400 3036 1548 3101 fidei
1563 3084 1583 3116 ,
1631 3040 1697 3101 et

187 3138 652 3219 expectationem
681 3140 818 3222 spei
848 3161 865 3204 t
895 3140 1055 3205 odor
1075 3141 1248 3206 enim
1276 3141 1446 3208 illius
1471 3161 1692 3227 super-

186 3257 270 3306 nae
289 3243 667 3310 haereditatis
691 3263 952 3312 omnem
981 3247 1265 3314 animam
1293 3250 1375 3314 ad
1403 3250 1694 3333 gauden-

185 3346 314 3413 dum
336 3352 561 3433 trahit,
604 3371 684 3418 eo
718 3354 888 3437 quod
928 3355 998 3419 in
1029 3373 1108 3420 ea
1149 3357 1694 3441 concupiscentias

187 3456 386 3522 excitat
407 3461 760 3525 aeteruales.
783 3459 993 3526 Tertio
1032 3462 1242 3545 gavisi
1288 3469 1439 3529 sunt
1478 3484 1696 3550 super·

187 3564 566 3632 oesaetialiter
589 3568 662 3631 in
688 3568 1106 3652 completione
1129 3570 1448 3653 desiderii‚·
1481 3573 1549 3638 in
1575 3574 1694 3640 de-

187 3671 514 3748 gustatione
537 3673 778 3740 divinae
794 3676 1153 3742 suavitatis.
1187 3678 1264 3744 Et
1286 3679 1367 3745 de
1396 3684 1518 3745 hoc
1543 3681 1695 3746 dici-

187 3777 274 3840 tur
291 3778 355 3844 ⁸:
390 3803 421 3842 ι
461 3779 748 3847 Gaudete
783 3801 933 3849 cum
971 3783 1367 3853 Hierusalem
1417 3789 1689 3871 gaudio,

187 3883 277 3963 qui
298 3885 606 3969 lugebatis
633 3888 716 3972 (b)
751 3907 946 3973 super
979 3909 1155 3973 eam,
1195 3897 1269 3959 ut
1306 3896 1553 3976 sugatis
1588 3897 1691 3979 (c),

187 3991 238 4053 et
254 3993 610 4075 repleamini
627 3995 712 4060 ab
732 3996 1040 4062 uberibus
1065 3999 1512 4064 consolationis
1525 4003 1581 4084 ej
1589 4021 1691 4081 us,

188 4100 247 4159 ut
287 4100 667 4184 mulgeatis,
723 4106 792 4167 et
848 4103 1089 4170 deliciis
1133 4105 1429 4171 affluatis.
1489 4128 1520 4167 ο
1572 4108 1693 4186 Qui

186 4206 331 4271 enim
357 4210 580 4276 volunt
618 4212 921 4279 devenire
957 4214 1039 4279 ad
1064 4215 1390 4281 excelsum
1417 4221 1697 4282 contem·

187 4310 465 4397 elationis,
491 4317 707 4401 primo
733 4319 965 4386 debent
992 4340 1062 4387 se
1099 4341 1216 4407 per
1243 4323 1523 4390 lamenta
1564 4344 1696 4409 poe-

188 4417 434 4489 nitentiae
459 4442 761 4491 exercere
780 4426 849 4491 in
866 4430 1036 4493 statu
1054 4430 1341 4512 actionis,
1371 4432 1527 4516 quia
1544 4437 1698 4498 tunc

188 4527 373 4596 anima
445 4534 689 4618 repleta
747 4538 929 4601 tanta
998 4537 1332 4606 dulcedine
1411 4541 1641 4622 gratiae
1670 4591 1689 4623 ,

190 4642 356 4718 suget
403 4641 483 4705 ab
531 4642 840 4709 uberibus
904 4647 1353 4714 consolationis
1416 4648 1696 4733 Spiritus

191 4746 385 4827 aneti,
409 4754 480 4814 ut
504 4753 637 4814 tota
663 4751 904 4834 repleta
940 4756 1007 4817 et
1045 4756 1335 4837 perfusa,
1367 4774 1562 4840 super
1589 4757 1658 4822 lu
1679 4792 1693 4807 ·

193 4850 345 4917 mina
367 4854 430 4918 in
457 4857 812 4923 coelestibus
839 4857 1157 4941 elevetur,
1201 4867 1274 4926 ut
1298 4881 1495 4946 supra
1523 4865 1690 4948 seip-

193 4973 308 5023 sam
365 4959 428 5026 in
476 4963 974 5030 sublimitatibus
1028 4970 1492 5052 suspendatur,
1540 4977 1605 5034 et
1654 4988 1696 5037 a

194 5065 370 5148 seipsa
403 5068 751 5151 alienetur,
797 5075 861 5136 et
901 5075 1079 5138 tanto
1113 5074 1366 5142 interno
1416 5075 1694 5160 tripudio

196 5166 500 5239 delectetur
537 5179 604 5241 et
633 5177 1061 5260 jucundetur,
1106 5185 1182 5245 ut
1223 5182 1434 5264 magis
1477 5182 1688 5262 ebria,

252 5295 425 5349 ‘sem
450 5325 508 5338 —
540 5302 564 5337 ¹
588 5301 725 5360 Luc„
773 5314 853 5363 vl,
892 5305 971 5356 23.
1003 5331 1065 5344 —-
1106 5306 1128 5342 ⁸
1151 5305 1365 5373 Philip„
1399 5319 1486 5371 ιιι,
1524 5312 1604 5361 20.
1631 5336 1693 5348 -

198 5363 339 5430 lla..
365 5382 502 5438 uvl,
527 5377 698 5425 1⁰4¹.
731 5401 787 5411 —
823 5376 843 5406 ⁵
868 5376 1128 5443 Chrysost.
1157 5406 1220 5418 —
1248 5382 1269 5413 ⁸
1292 5383 1456 5441 loun„
1487 5394 1585 5447 xx,
1610 5384 1692 5434 20.

200 5460 254 5473 -
280 5438 300 5474 ‘¹
323 5442 508 5499 lema„
542 5457 603 5507 x,
643 5446 725 5496 38.
763 5471 824 5484 -
854 5446 878 5482 ⁸
907 5446 1098 5515 Galat„
1137 5463 1189 5515 v,
1224 5453 1303 5504 24.
1338 5479 1403 5492 --
1435 5454 1457 5486 ⁰
1488 5453 1692 5517 Bauli„

203 5516 297 5573 m,
318 5514 388 5564 24.
406 5541 457 5552 -
484 5517 526 5553 ¹⁰
552 5515 694 5567 hal.
724 5528 919 5583 uxxv,
947 5522 1023 5573 Π.

3233 530 3354 594 235

1797 676 1995 744 quam
2021 661 2235 728 sobria
2260 662 2574 728 videatur.
2609 660 2792 728 Unde
2828 665 2896 727 et
2924 678 3105 728 sacra
3131 661 3353 748 Scrip-

1797 772 1948 834 tura
1991 772 2376 855 quandoque
2417 772 2595 836 illam
2633 771 3034 837 dulcedinem
3082 777 3351 854 gustum

1802 878 2099 962 appellat,
2131 881 2515 965 quandoque
2554 880 2924 947 ebrietatem
2963 886 3172 948 vocat.
3207 882 3353 948 Ideo

1799 985 1976 1052 Deus
2002 990 2056 1053 si
2086 991 2336 1055 modica
2362 990 2637 1056 scintilla
2662 991 2741 1056 de
2769 991 2881 1056 illo
2905 994 3190 1056 torrente
3218 994 3353 1056 tan-

1800 1097 1888 1158 tae
1916 1096 2296 1176 duloedinis,
2326 1097 2569 1180 dilapsa
2591 1101 2654 1162 et
2679 1096 2980 1164 distillata
3006 1098 3207 1163 menti
3233 1097 3352 1163 hu-

1801 1221 2039 1281 manae,
2054 1204 2144 1268 ita
2155 1205 2428 1287 perfecte
2448 1205 2741 1285 inebriat,
2762 1205 2933 1288 quod
2953 1205 3075 1269 erit
3093 1206 3349 1288 quando

1799 1312 2016 1376 anima
2043 1312 2322 1378 totaliter
2350 1313 2811 1393 absorbebitur,
2848 1318 2912 1378 et
2934 1313 3353 1378 inebriabitur

1799 1418 1869 1481 in
1895 1418 2005 1482 illo
2033 1419 2266 1503 pelago
2304 1419 2575 1485 infinitae
2605 1420 2942 1486 felicitatis.
2991 1419 3151 1485 Cum
3193 1438 3352 1502 ergo

1798 1525 1870 1590 in
1894 1544 2027 1591 una
2055 1531 2243 1608 gutta
2260 1528 2531 1610 perfecte
2565 1527 2780 1592 anima
2798 1527 3108 1611 liquescit,
3140 1527 3353 1592 dulco-

1799 1636 1899 1696 rat
1918 1634 2328 1716 jucunditati,
2357 1638 2433 1699 ut
2457 1652 2589 1699 non
2616 1634 2813 1717 possit
2829 1633 3110 1717 exprimi
3139 1654 3352 1718 neque

1801 1741 2088 1819 narrari,
2119 1739 2324 1805 multo
2371 1740 2589 1805 minus
2633 1744 2766 1805 tota
2808 1742 3079 1825 abyssus
3118 1744 3353 1824 poterit

1799 1849 2125 1931 cognosci.
2158 1848 2337 1914 Unde
2374 1848 2865 1932 chrysostomus
2896 1849 2919 1885 ⁸
2951 1868 2969 1915 z
3002 1873 3034 1912 α
3074 1849 3352 1916 Gaudea-

1800 1975 1947 2021 mus
1972 1974 2093 2021 nos
2119 1956 2334 2021 meriti
2362 1955 2813 2038 magnitudine
2835 1956 3174 2037 donorum,
3201 1975 3350 2041 quae

1799 2064 1907 2129 hic
1933 2064 2312 2148 accipimus,
2350 2068 2414 2130 et
2451 2081 2601 2147 quae
2644 2062 2798 2128 illuc
2848 2069 3279 2146 expectamus.
3311 2085 3343 2124 n

1802 2171 2134 2255 Rogemus
2163 2190 2346 2256 ergo,
2377 2175 2497 2237 etc.

2352 2351 2642 2424 SERMO
2687 2352 2803 2421 111.

1880 2499 2170 2582 Accipite
2231 2499 2552 2582 Spiritum
2603 2503 2902 2564 sanctum
2949 2498 2997 2562 ⁸.
3057 2496 3105 2563 Ο
3151 2515 3348 2580 quam

1802 2623 2046 2687 magua
2061 2605 2315 2670 licentia
2331 2605 2499 2689 quod
2519 2604 2709 2670 dicit:
2730 2604 3017 2687 Accipite
3034 2607 3064 2669 l
3083 2604 3131 2670 Ο
3151 2622 3349 2687 quam

1803 2731 2046 2795 magna
2071 2713 2305 2795 gratia,
2335 2713 2507 2795 quod
2543 2712 2714 2778 dedit
2748 2730 2881 2777 non
2918 2730 3185 2789 aurum,
3218 2729 3348 2776 non

1801 2825 2170 2904 argentum,
2201 2820 2310 2885 sed
2344 2820 2656 2904 Spiritum
2689 2821 3018 2885 sanctum!
3053 2818 3345 2885 Conside-
3393 2832 3591 2884 cuatuor

1800 2929 2078 2994 randum
2105 2930 2342 3007 autem,
2365 2927 2536 3011 quod
2553 2926 2587 2992 J
2589 2946 2735 2992 esus
2756 2927 3048 2993 Christus
3071 2930 3348 3010 quatuor
3374 2894 3592 3003 3⁶30?ss

3417 3019 3592 3064 caum

1801 3140 2182 3223 Evangelio,
2212 3139 2504 3205 videlicet
2531 3158 2786 3205 crucem
2826 3139 2897 3204 in
2937 3137 3350 3221 castigatione
3388 3094 3571 3189 ἓξὲξ·

1801 3035 2165 3118 accipienda
2190 3033 2377 3099 valde
2402 3033 2710 3098 notabilia
2733 3033 3063 3117 proposuit
3080 3032 3348 3097 nobisin
3374 3032 3403 3063 ⁸

1803 3248 2136 3332 corporali,
2173 3265 2405 3331 corpus
2427 3254 2625 3312 suum
2658 3247 2726 3312 in
2754 3247 3208 3313 communione
3241 3264 3343 3310 sa-

1805 3356 2175 3421 cramentali
2194 3404 2215 3434 ‚
2256 3354 2566 3438 Spiritum
2602 3359 2896 3420 sanctum
2936 3356 3006 3419 iu
3049 3354 3350 3420 unctione

1805 3464 2092 3545 mentali,
2139 3465 2475 3529 denarium
2513 3463 2584 3528 in
2618 3463 3133 3530 remuneratione
3173 3467 3354 3530 aeter-

1803 3571 1959 3636 nali.

1886 3678 1975 3743 De
1999 3679 2213 3762 primo
2237 3678 2260 3714 '¹
2292 3699 2307 3743 ε
2346 3700 2378 3739 α
2405 3677 2528 3756 Qui
2555 3695 2688 3743 non
2714 3678 2941 3762 accipit
2964 3696 3222 3745 crucem
3238 3729 3261 3759 ,
3290 3684 3356 3745 et

1802 3787 2094 3870 sequitur
2122 3803 2249 3851 me.
2274 3784 2445 3851 Crux
2485 3789 2583 3851 est
2619 3785 2828 3850 carnis
2856 3786 3255 3853 mortificatio
3280 3789 3304 3825 ⁸
3332 3810 3349 3856 ε

1813 3918 1845 3956 α
1873 3893 1997 3972 Qui
2025 3893 2260 3959 Christi
2299 3898 2483 3974 sunt,
2512 3912 2770 3959 carnem
2806 3913 2991 3960 suam
3020 3897 3356 3963 crucifixe-

1802 4009 1957 4067 runt
1983 4020 2136 4067 cum
2164 4001 2715 4084 concupiscentiis,
2746 4023 2777 4062 n
2804 4002 3072 4067 Crucem
3098 4004 3350 4087 accipit,

1808 4110 1921 4193 qui
1949 4108 2386 4192 poenitentiam
2423 4107 2528 4174 vel
2552 4108 2934 4191 religionem
2963 4110 3207 4193 accipit,
3239 4113 3353 4195 qui

1807 4235 1922 4300 per
1949 4235 2127 4282 mare
2155 4216 2373 4281 saeculi
2403 4216 2473 4280 in
2502 4219 2742 4281 terram
2773 4220 3057 4281 sanctam
3073 4263 3092 4294 ‚
3123 4218 3356 4283 scilicet
3396 4220 3401 4225 ’

1804 4325 2206 4404 viventium,
2243 4323 2513 4388 transhe
2538 4323 2807 4389 intendit
2837 4346 2852 4387 ε
2887 4324 3115 4407 accipit
3138 4329 3356 4391 autem

1804 4431 2254 4496 remissionem
2282 4430 2573 4496 omnium
2601 4435 3032 4515 peccatorum.
3060 4432 3160 4497 Ad
3187 4433 3356 4499 hanc

1804 4556 2061 4604 crucem
2088 4538 2527 4623 accipiendam
2553 4542 2831 4622 quatuor
2859 4543 3010 4605 sunt
3034 4539 3351 4622 cogentia.

1806 4647 2100 4712 Primum
2126 4651 2222 4711 est
2255 4646 2625 4729 exemplum
2662 4646 3053 4712 irrefutabile
3100 4645 3354 4711 Domini

1803 4753 2004 4818 nostri
2039 4753 2192 4819 Jesu
2218 4752 2449 4818 Christi
2476 4753 2501 4790 ⁸
2535 4775 2552 4817 ε
2587 4775 2619 4814 α
2648 4750 2716 4817 Si
2747 4752 2897 4836 quis
2925 4753 3060 4818 vult
3080 4756 3224 4836 post
3249 4771 3355 4818 me

1804 4860 2053 4940 venire,
2083 4860 2389 4942 abneget,
2431 4881 2463 4918 υ
2499 4862 2619 4924 etc.
2659 4858 3017 4924 Gloriosum
3043 4860 3215 4925 enlm
3257 4863 3355 4924 est

1804 4968 2009 5034 servis
2059 4965 2327 5032 Domino
2371 4984 2489 5031 con
2498 4965 2788 5048 figurari.
2840 4965 3211 5032 Secundum
3256 4970 3353 5032 est

1804 5074 2200 5159 adjutorium
2238 5072 2606 5139 invincibile
2635 5090 2653 5137 ε
2690 5072 2996 5138 Dominus
3030 5073 3205 5137 enim
3235 5072 3351 5138 ad-

1796 5187 1979 5268 jutor
2020 5186 2114 5246 est
2152 5198 2338 5245 cruce
2377 5180 2805 5262 signatorum.
2860 5178 3193 5245 Psalmista
3232 5182 3280 5222 ¹⁰
3329 5202 3346 5244 ε

1811 5313 1844 5354 α
1873 5289 2006 5370 Tu,
2038 5288 2335 5368 Domine,
2377 5287 2681 5370 adiuvisti
2712 5305 2846 5367 me,
2889 5292 2955 5353 et
2991 5286 3351 5353 consolatus

1868 5450 1940 5517 (α)
1972 5451 2086 5516 Leq.
2115 5448 2394 5501 memorioe.
2425 5475 2489 5488 —
2517 5447 2592 5515 (b)
2626 5447 2774 5516 Vulq.
2809 5449 3012 5517 lugetis.
3043 5476 3104 5488 -
3130 5449 3193 5516 (c)
3223 5449 3345 5504 Goet.

1804 5522 1929 5577 edit.
1960 5523 2205 5590 augeatis.
