4059 6317
826 534 1205 604 nonnum
1247 536 1330 605 ιν
1371 534 1569 605 Posi·
1611 532 1990 603 ocTAvAM
2036 480 2392 600 rAscflAE.
2437 530 2699 599 senno
2741 528 2792 598 1.

215 670 574 756 displiceret
598 671 803 737 oculis
831 671 1066 739 divinae
1094 674 1441 758 majestatis
1464 720 1482 751 ‚
1511 689 1633 737 nec
1657 670 1754 735 in·

215 778 480 845 clinaret
518 779 923 861 dulcedinem
964 781 1216 863 pietatis
1235 828 1254 859 ,
1303 781 1437 846 imo
1479 778 1759 843 irritaret

213 887 662 953 rectitudinem
689 887 1026 968 aequitatis.
1054 887 1134 953 Et
1157 892 1417 972 propter
1440 887 1563 952 hoc
1587 884 1755 950 dici-.

213 996 316 1058 tur
337 995 359 1030 ¹
391 1014 409 1058 ε
445 991 668 1059 Petitis
691 997 755 1058 et
778 1012 910 1058 non
933 994 1250 1078 accipitis,
1280 1012 1359 1059 eo
1384 992 1558 1077 quod
1587 991 1754 1056 male

214 1099 462 1182 petatis.
491 1120 524 1160 ι
562 1099 744 1177 Quod
782 1101 885 1182 flt,
936 1101 1187 1182 quando
1236 1101 1476 1192 petitur
1512 1097 1754 1182 aliquid

213 1206 382 1290 quod
400 1206 489 1271 sit
509 1208 907 1273 contrarium
931 1207 1121 1273 saluti
1145 1226 1306 1289 suae,
1328 1206 1432 1273 vel
1447 1205 1748 1289 proximi,

213 1314 364 1399 quia
387 1314 554 1381 adeo
577 1313 862 1398 displicet
885 1314 1036 1393 Deo,
1065 1315 1231 1380 sicut
1252 1313 1366 1399 qui
1389 1313 1581 1380 alicui
1609 1312 1753 1395 regi

211 1425 457 1506 peteret
491 1426 569 1487 ut
593 1422 827 1487 faceret
867 1421 990 1486 sibi
1017 1422 1411 1505 vituperium
1433 1469 1451 1501 ,
1496 1420 1599 1486 vel
1638 1437 1753 1504 op-

213 1530 574 1613 probrium.
618 1528 743 1595 Sed
782 1530 936 1613 quia
958 1528 1118 1595 vitia
1152 1529 1276 1595 sub
1314 1528 1522 1612 specie
1546 1528 1752 1593 virtu·

211 1643 348 1704 tum
388 1636 735 1721 aliquando
774 1637 1157 1716 offeruntur,
1208 1641 1272 1703 et
1314 1637 1436 1701 sub
1475 1635 1754 1720 quadam

214 1745 633 1811 similitudine
654 1793 675 1825 ,
706 1761 855 1827 quae
894 1748 1101 1810 mater
1141 1748 1239 1811 est
1264 1742 1578 1822 falsitatis,
1622 1742 1755 1806 ani-

211 1871 357 1919 mus
385 1853 766 1933 concitatur,
798 1852 942 1918 ideo
979 1851 1166 1917 multi
1207 1852 1277 1917 in
1306 1851 1408 1917 sui
1452 1850 1756 1933 petitione

213 1961 638 2044 decipiuntur.

287 2067 597 2151 Sequitur
627 2089 646 2131 ε
674 2067 762 2136 Et
787 2068 1117 2150 accipietis
1144 2085 1167 2131 .·
1195 2065 1309 2131 ubi
1346 2064 1625 2130 secundo
1649 2082 1752 2129 as-

209 2177 360 2242 serit
398 2175 734 2241 liberalem
777 2176 1170 2242 affluentiam
1213 2192 1510 2259 supernae
1554 2173 1754 2239 diffu-

211 2283 429 2348 sionis.
485 2281 682 2348 Juxta
723 2282 1038 2365 triplicem
1071 2283 1246 2349 enim
1281 2281 1755 2365 dispositionem

210 2391 582 2474 praedictam
600 2438 625 2471 ,
653 2390 965 2475 accipient
1001 2390 1235 2472 triplex
1275 2389 1518 2454 donum
1544 2388 1627 2452 ab
1652 2387 1752 2452 af-

211 2499 481 2564 fluentia
504 2497 744 2565 divinae
770 2496 1182 2565 liberalitatis,
1215 2494 1377 2560 Nam
1404 2496 1613 2578 primo
1639 2513 1756 2578 pe-

211 2609 414 2670 tentes
428 2604 784 2685 sinceriter,
795 2623 947 2670 cum
960 2603 1338 2670 rectitudine
1355 2601 1754 2667 conscientiae

211 2712 278 2776 in
303 2712 683 2777 declinando
721 2712 968 2777 malum
988 2760 1010 2793 ,
1048 2710 1361 2795 accipient
1400 2709 1753 2775 claritatem

209 2819 546 2902 sapientiae
586 2818 925 2900 dirigentis
965 2818 1247 2883 animam
1263 2864 1285 2895 ,
1331 2821 1644 2900 quantum
1672 2815 1753 2880 ad

209 2926 588 2993 rationalem
623 2950 643 3007 ;
697 2927 975 2992 secundo
1034 2931 1314 3010 petentes
1363 2925 1711 3009 prudenter
1728 2972 1750 3004 ,

208 3053 355 3101 cum
400 3036 792 3101 discretione
824 3034 1179 3117 prudentiae
1213 3035 1285 3099 in
1325 3033 1628 3116 eligendo
1668 3034 1751 3118 (a)

207 3143 458 3210 bonum
473 3190 490 3222 ,
519 3141 828 3227 accipient
854 3141 1310 3225 pretiositatem
1342 3141 1570 3224 gratiae
1594 3140 1754 3207 divi-

209 3250 429 3315 nitatis
449 3249 829 3315 stabilientis
849 3249 1154 3329 animam,
1167 3253 1491 3333 quantum
1507 3250 1588 3314 ad
1604 3267 1754 3314 con·

206 3357 692 3442 cupiscibilem3
724 3356 911 3422 tertio
927 3404 948 3438 ,
974 3360 1259 3435 petentes
1299 3375 1447 3421 cum
1491 3357 1751 3422 certitu-

205 3464 351 3530 dine
372 3464 785 3531 confldentiae
813 3464 883 3528 in
907 3463 1298 3548 expectando
1324 3463 1565 3542 futura,
1595 3463 1755 3528 acci-

205 3574 377 3655 pient
405 3571 797 3638 soliditatem
825 3571 1197 3637 constantiae
1225 3570 1586 3636 roborantis
1615 3570 1750 3636 ani·

204 3697 378 3746 mam
403 3728 426 3759 ‚
475 3684 791 3764 quantum
829 3679 911 3745 ad
948 3679 1329 3745 irascibilem
1358 3700 1374 3743 z
1407 3682 1483 3743 ut
1520 3679 1610 3743 sic
1636 3696 1753 3762 per

197 3786 317 3852 ista
334 3788 475 3852 tria
491 3785 662 3853 dona
685 3786 1129 3869 configuretur
1154 3787 1373 3851 anima
1397 3785 1749 3851 secundum

198 3911 428 3960 omnes
495 3895 600 3959 sui
657 3895 974 3978 potentias
1020 3894 1114 3958 illi
1166 3893 1369 3959 heatae
1431 3891 1745 3958 Trinitati.

197 4002 422 4069 Primo
454 4003 795 4084 accipietis
825 4001 903 4085 (b)
929 4001 1274 4067 claritatem
1300 3999 1625 4083 sapientiae
1651 4000 1751 4064 di-

194 4109 480 4193 rigentis
510 4110 820 4189 animam,
862 4112 1176 4192 quantum
1223 4107 1302 4171 ad
1327 4106 1746 4187 rationalem;

195 4219 372 4285 unde
413 4219 440 4254 ⁸
490 4239 510 4283 ε
554 4239 586 4280 α
608 4217 888 4300 Accipite
938 4214 1338 4298 disciplinam
1381 4232 1592 4280 meam
1614 4263 1635 4296 ,
1688 4222 1753 4282 et

193 4346 325 4392 non
353 4325 737 4411 pecuniam3
763 4324 1116 4389 doctrinam
1135 4320 1370 4403 magis,
1393 4341 1590 4404 quam
1614 4323 1750 4388 the-

193 4452 472 4501 saurum
511 4432 755 4515 eligite.
785 4430 1008 4497 Melior
1035 4433 1132 4494 est
1167 4428 1477 4513 sapientia
1511 4432 1751 4496 cunctis

191 4544 431 4626 opibus
453 4588 474 4621 ,
503 4545 573 4606 et
595 4557 790 4606 omne
814 4538 1230 4605 desiderabile
1268 4537 1328 4602 ei
1373 4556 1506 4603 non
1547 4543 1752 4623 potest

191 4645 588 4732 comparari.
614 4667 647 4706 n
684 4645 763 4711 Et
796 4644 949 4729 quia
975 4644 1250 4710 verbum
1280 4645 1586 4712 doctrinae
1613 4650 1750 4713 sine

190 4755 501 4840 exemplo
524 4754 680 4820 vitae
707 4757 802 4818 est
828 4770 1094 4833 vanum,
1116 4755 1181 4817 et
1206 4753 1575 4836 exemplum
1599 4755 1750 4821 vitae

188 4864 330 4930 sine
385 4862 783 4929 documento
828 4859 1131 4925 doctrinae
1171 4862 1266 4924 est
1311 4878 1546 4944 parum
1571 4909 1590 4939 ‚
1639 4863 1745 4927 sed

188 4974 554 5054 utrumque
587 4968 940 5053 perfectum
964 4968 1011 5047 ⁸,
1042 4967 1186 5032 ideo
1220 4966 1372 5031 dicit
1416 4990 1432 5033 ι
1467 4968 1750 5052 Accipite

187 5078 407 5162 primo
440 5075 850 5159 disciplinam
873 5074 1026 5140 vitae
1042 5121 1065 5154 ,
1094 5077 1161 5138 et
1183 5078 1404 5156 postea
1443 5076 1750 5158 magiste-

187 5187 367 5254 rium
392 5186 718 5253 doctrinae
751 5204 768 5249 ε
798 5187 863 5249 et
883 5187 1040 5250 tunc
1063 5183 1352 5249 doctrina
1378 5183 1746 5269 intelligen-

256 5389 271 5417 ¹
297 5385 440 5449 Iac„
468 5394 556 5448 Π,
582 5384 633 5435 3.
663 5407 731 5420 -
757 5381 778 5413 ²
802 5380 966 5447 Prcv„
995 5393 1112 5447 vm,
1142 5383 1313 5433 10-11.
1335 5407 1398 5421 -
1423 5382 1447 5419 ⁸
1471 5384 1548 5435 Ex
1577 5385 1750 5452 Rern„

191 5460 247 5509 in
277 5457 468 5510 Nativ.
498 5457 557 5509 8.
582 5455 741 5506 loun.
775 5455 939 5523 sapt„
965 5469 1143 5519 serm„
1177 5468 1231 5506 n.
1267 5458 1315 5505 3.
1344 5483 1407 5495 —
1434 5456 1457 5492 ὅ
1484 5458 1667 5510 Senec.
1688 5485 1751 5498 —

191 5531 210 5564 ⁵
235 5529 364 5594 lm„
397 5540 503 5592 vu,
533 5531 616 5579 15.
634 5553 704 5566 —
730 5528 752 5559 ⁸
779 5526 933 5592 Rom„
960 5540 1011 5594 v,
1037 5530 1117 5581 17.
1139 5551 1199 5567 -
1227 5527 1249 5563 ‘¹
1274 5527 1482 5596 Ephes„
1507 5541 1582 5599 vs,
1610 5533 1686 5583 ¹3.

3284 542 3397 606 261

1860 668 1968 735 tiae
1988 716 2011 748 ,
2067 672 2132 735 et
2181 667 2317 734 vita
2370 666 2719 751 disciplinae
2752 713 2771 746 ‚
2829 669 3258 753 praeponenda
3309 676 3407 738 est

1862 776 2111 842 cunctis
2135 776 2366 859 opibus
2413 775 2486 857 (c)
2515 821 2533 852 ‚
2564 774 2874 858 quoniam
2914 775 3055 841 istae
3081 795 3235 860 opes
3270 783 3400 845 ter-

1861 902 2036 950 renae
2058 902 2191 949 non
2208 883 2596 962 illuminant,
2618 884 2750 947 imo
2776 881 2934 948 adeo
2950 884 3170 949 oculos
3186 904 3401 953 avarae

1862 992 2097 1057 mentis
2134 992 2475 1074 denigrant
2523 994 2587 1056 et
2628 990 2987 1070 obcaecant,
3032 994 3111 1055 ut
3150 998 3404 1076 reputet

1860 1117 1999 1165 esse
2023 1100 2094 1164 in
2119 1098 2398 1164 tenebris
2419 1097 2650 1163 lucem.
2679 1096 2856 1163 Unde
2878 1097 3120 1164 Seneca
3142 1098 3165 1134 ⁴
3192 1121 3209 1165 ε
3240 1123 3274 1162 ι
3299 1100 3400 1165 ln-

1860 1206 2018 1270 flant
2047 1205 2287 1271 divitiae
2313 1204 2515 1270 animi
2540 1204 2907 1288 superbiam
2924 1252 2946 1284 ,
2991 1205 3252 1288 pariunt
3298 1207 3394 1273 in-

1863 1313 2099 1379 vidiam
2115 1362 2135 1394 ,
2162 1317 2226 1377 et
2252 1312 2664 1390 contrahunt,
2694 1316 2760 1376 et
2781 1330 2989 1396 usque
3012 1330 3089 1379 eo
3117 1318 3397 1380 mentem

1860 1423 2179 1502 alienant,
2210 1428 2283 1487 ut
2306 1440 2425 1488 nos
2450 1422 2643 1487 etiam
2676 1421 2967 1488 nocitura
3000 1422 3331 1489 delectent.
3356 1446 3389 1486 n

1861 1530 2156 1596 Doctrina
2182 1532 2396 1595 autem
2420 1528 2745 1613 sapientiae
2767 1528 2925 1594 adeo
2950 1530 3234 1595 animam
3259 1550 3399 1615 per·

1859 1639 2018 1704 fecte
2035 1637 2358 1702 illuminat
2370 1641 2432 1702 et
2448 1636 2692 1719 dirigit,
2713 1641 3143 1719 utcognoscat
3157 1644 3398 1723 quanta

1859 1746 1943 1809 sit
1965 1744 2266 1810 distantia
2293 1743 2459 1808 inter
2493 1743 2784 1808 tenebras
2819 1743 3022 1826 culpae
3040 1792 3060 1824 ,
3090 1748 3154 1809 et
3179 1746 3395 1812 lucem

1862 1851 2116 1934 gratiae,
2144 1874 2174 1912 (ι
2186 1855 2261 1917 ut
2275 1851 2429 1916 sciat
2441 1851 2780 1934 reprobare
2795 1851 3065 1933 malum,
3083 1855 3147 1917 et
3158 1852 3400 1935 eligere

1861 1958 2500 2025 bonum-secundo
2512 1960 2845 2041 accipietis
2857 1958 2932 2041 (b)
2946 1941 3399 2042 pretiositatem

1862 2066 2094 2147 gratiae
2114 2066 2461 2131 divinitatis
2482 2066 2853 2131 stabilientis
2869 2067 3173 2149 animam,
3196 2087 3399 2152 quan-

1861 2177 2001 2238 tum
2039 2173 2121 2240 ad
2164 2172 2755 2257 concupiscibilem;
2784 2173 2968 2239 unde
2994 2180 3017 2217 ⁸
3049 2192 3069 2239 t
3107 2196 3140 2235 α
3166 2176 3390 2241 Abun-

1859 2280 2153 2346 duntiam
2179 2280 2428 2362 gratiae,
2446 2284 2510 2344 et
2530 2279 2915 2360 donationis,
2935 2284 2999 2346 et
3012 2282 3281 2365 justitiae
3297 2300 3401 2349 ac-

1861 2388 2166 2472 cipientes
2187 2436 2206 2466 ‚
2236 2389 2304 2452 in
2343 2388 2478 2453 vita
2514 2388 2900 2470 regnabunt.
2932 2409 2964 2448 n
2997 2389 3400 2473 Accipientcs

1861 2495 2342 2564 abundantiam
2367 2496 2596 2579 qratiae
2622 2496 2691 2559 in
2718 2493 3002 2577 benigna
3029 2497 3396 2581 adoptione,

1861 2607 1925 2667 et
1966 2602 2343 2671 donationis
2388 2602 2472 2687 (d)
2520 2603 2589 2667 in
2626 2603 3079 2670 charismatum
3125 2605 3402 2690 Spiritus

1860 2712 2064 2777 sancti
2120 2711 2465 2795 repletione
2492 2760 2510 2789 ,
2552 2716 2613 2779 et
2644 2711 2928 2794 justicia
2973 2712 3043 2777 in
3083 2714 3401 2781 bonorum

1860 2837 2130 2902 operum
2144 2820 2567 2904 promotione,
2585 2819 2947 2903 locupletati
2962 2821 3191 2903 gratiae
3203 2822 3402 2889 abun-

1862 2926 2080 2992 dantia
2099 2975 2119 3007 ,
2148 2927 2498 2993 virtutibus
2520 2927 2795 2993 ethonis
2821 2928 3154 3010 operibus,
3179 2945 3402 3012 reyna-
3469 2930 3477 2940 '

1865 3035 2024 3105 bunt
2046 3038 2355 3120 tanquam
2381 3035 2670 3101 haeredes
2694 3040 2757 3100 et
2783 3054 2974 3119 reges
2992 3038 3186 3119 regni
3211 3040 3401 3106 coelo-

1863 3163 2012 3210 rum
2060 3146 2136 3211 in
2187 3146 2328 3213 vita
2384 3142 2633 3227 gloriae.
2691 3141 2904 3209 Tertio
2932 3144 3273 3227 accipietis
3320 3147 3396 3230 (b)

1859 3250 2240 3317 soliditatem
2278 3249 2650 3316 constantiae
2684 3250 3043 3315 roborantis
3079 3252 3363 3317 animam
3378 3300 3396 3333 ‚

1859 3363 2179 3443 quantum
2205 3359 2288 3424 ad
2315 3358 2693 3424 irascibilem
2716 3377 2735 3438 ;
2764 3357 2937 3423 unde
2961 3357 2984 3394 ⁷
3019 3380 3035 3422 ι
3065 3381 3098 3420 α
3120 3360 3402 3444 Accipite

1858 3472 2254 3533 armaturam
2287 3466 2434 3546 Dei,
2473 3470 2549 3532 ut
2584 3466 2837 3550 possitis
2864 3467 3154 3534 resistere
3192 3469 3262 3533 in
3299 3468 3402 3534 die

1858 3576 2028 3641 malo
2060 3575 2157 3659 (c).
2188 3597 2220 3637 n
2260 3574 2400 3640 Non
2441 3574 2619 3640 enim
2658 3578 2863 3657 potest
2887 3574 3172 3642 humana
3198 3576 3398 3659 tragi-

1858 3682 2035 3764 litas‚
2065 3682 2325 3749 obtenta
2353 3680 2718 3762 cognitione
2756 3681 2906 3747 fidei
2942 3683 3013 3747 in
3038 3684 3399 3749 sanctifica-

1859 3790 2030 3856 tione
2054 3789 2195 3868 Dei,
2226 3792 2706 3872 perseveranter
2741 3789 3033 3855 resistere
3049 3840 3067 3871 ,
3117 3792 3242 3856 nisi
3284 3810 3400 3875 per

1857 3898 2163 3964 virtutem
2188 3896 2563 3962 constantiae
2588 3897 2946 3963 roboretur.
2977 3898 3154 3965 Unde
3190 3917 3274 3965 ne
3318 3900 3395 3983 (t)

1858 4005 2147 4070 humana
2174 4003 2537 4083 infirmitas,
2568 4004 2809 4069 intuitu
2829 4005 3210 4087 fragilitatis,
3242 4006 3397 4072 mol-

1857 4113 2124 4178 lesceret
2159 4129 2274 4196 per
2309 4110 2900 4195 pusillanimitatem
2932 4115 3177 4180 timoris
3199 4116 3268 4180 in
3288 4133 3398 4187 ex·

1859 4219 2169 4304 pectendo
2220 4220 2436 4284 futura
2458 4268 2476 4298 ‚
2503 4217 2653 4284 etin
2671 4220 3109 4301 aggrediendo
3136 4221 3337 4287 ardua
3352 4272 3392 4305 ,,

1858 4330 2059 4394 fracta
2101 4328 2384 4393 anchora
2427 4328 2605 4410 spei,
2650 4327 3058 4410 naufraqum
3094 4329 3391 4410 intraret,

1860 4438 2002 4504 ideo
2040 4437 2381 4521 Apostolus
2420 4436 2652 4502 invitat
2696 4437 2778 4502 ad
2823 4436 3256 4519 accipiendam
3288 4454 3392 4507 at-

1859 4548 2182 4611 maturam
2208 4543 2579 4609 constantiae
2605 4546 2671 4609 et
2706 4544 3088 4609 fortitudinis
3105 4590 3128 4623 ,
3160 4544 3398 4611 scilicet

1860 4653 2154 4718 divinum
2179 4650 2592 4734 adjutorium,
2621 4667 2752 4734 quo
2777 4651 3144 4733 praemuniti
3167 4655 3231 4716 et
3254 4669 3396 4734 pro-

1858 4760 2006 4825 tecti
2023 4761 2288 4843 possunt
2304 4757 2572 4822 faciliter
2592 4758 2882 4822 resistere
2896 4759 2964 4822 in
2991 4758 3093 4823 die
3105 4758 3276 4825 malo
3292 4762 3390 4841 (e),

1859 4870 1925 4931 et
1950 4882 2358 4951 perseverare
2385 4863 2455 4928 in
2482 4864 2663 4930 omni
2696 4863 2887 4929 bono.
2918 4864 3266 4948 Insurgant
3291 4884 3392 4933 er-

1860 4992 1950 5056 go
1978 4971 2274 5055 procellae
2298 4971 2558 5037 invidiae
2574 5017 2597 5050 ,
2626 4972 2781 5054 quia
2802 4971 3038 5037 virtute
3063 4972 3258 5056 hujus
3285 4993 3392 5039 ar-

1860 5086 2136 5146 maturae
2158 5080 2533 5162 effugantm·
2553 5081 2803 5144 astutiae
2824 5080 3217 5161 daemonum,
3240 5082 3396 5165 quia

1857 5188 2150 5273 tegmine
2184 5187 2379 5271 hujus
2414 5186 2712 5270 adjutorii
2738 5186 3208 5253 confundentur
3246 5189 3395 5255 vio-

1920 5385 1994 5451 (α)
2035 5383 2158 5437 coet.
2186 5382 2308 5434 edit.
2346 5383 2687 5449 providentias
2721 5384 3050 5452 negligendo.
3075 5412 3139 5425 -
3173 5385 3242 5451 (ὸ)
3270 5388 3398 5438 Item

1860 5456 2255 5521 accipientes.-
2274 5456 2339 5520 (c)
2359 5455 2485 5507 Item
2509 5455 2829 5521 operibus.-
2844 5457 2918 5523 (d)
2928 5458 3052 5509 Item
3072 5457 3393 5513 donationes.

1865 5555 1928 5572 —
1955 5528 2016 5594 (e)
2042 5528 2166 5586 Item
2197 5525 2351 5585 mala.
2381 5552 2435 5566 -
2469 5527 2542 5595 (s)
2573 5526 2697 5585 Goet.
2728 5527 2849 5581 edit.
2880 5531 3013 5591 deest
3033 5542 3119 5585 ue.
