4059 6317
641 446 761 509 576

640 581 764 637 toto
792 575 1122 648 cordetuo,
1151 580 1209 635 et
1232 592 1308 635 ex
1342 578 1465 635 tota
1492 575 1693 635 anima
1719 580 1840 647 tua,
1871 578 2024 633 etex
2063 577 2184 632 tota

642 677 835 730 mente
863 673 982 728 tua.
1013 673 1160 728 Nota
1186 668 1519 743 diligenter,
1549 667 1716 743 quod
1751 684 1872 725 non
1903 667 2078 736 dicit,
2110 682 2183 723 ex

640 768 804 839 parte
833 763 1049 836 cordis,
1073 762 1172 821 vel
1218 763 1344 836 ejus
1370 762 1595 834 medio,
1634 761 1742 819 sed
1770 778 1837 819 ex
1872 767 1983 818 toto
2014 780 2030 816 ε
2072 775 2183 817 nec

639 863 867 917 tantum
895 857 1056 929 dicit,
1087 875 1155 915 esc
1191 860 1303 914 toto
1332 857 1507 927 corde,
1533 855 1639 914 sed
1674 872 1740 913 ea:
1769 858 1882 912 tota
1899 858 2104 924 anima,
2134 856 2186 911 et

640 969 708 1010 σω
732 957 846 1010 tota
883 938 1087 1022 niente,
1137 950 1286 1008 dans
1327 966 1434 1025 per
1465 950 1581 1008 hoc
1619 948 1973 1021 intelligere,
2015 946 2184 1023 quod

639 1062 762 1104 non
782 1045 1109 1104 debeamus
1126 1044 1292 1102 aliud
1315 1043 1488 1115 velle,
1513 1042 1677 1101 aliud
1700 1042 1979 1114 cogitare,
2000 1058 2184 1116 quam

642 1142 951 1200 Christum.
981 1143 1149 1209 Nam,
1177 1138 1327 1196 sicut
1359 1137 1691 1196 Bernardus
1720 1137 1862 1194 dicit
1882 1139 1900 1173 ¹
1933 1156 1948 1195 :
1980 1156 2009 1191 α
2045 1137 2183 1194 Dili-

643 1252 782 1309 gere
813 1236 996 1292 Deum
1014 1238 1137 1290 toto
1157 1231 1362 1303 corde,
1382 1234 1468 1289 est
1480 1230 1726 1304 diligere
1736 1234 1861 1287 toto
1891 1229 2185 1288 intellectu

642 1332 767 1389 sine
798 1345 1016 1389 errore.
1048 1326 1294 1401 Diligere
1331 1330 1511 1384 Deum
1541 1329 1661 1383 tota
1688 1325 1909 1396 anima,
1940 1328 2026 1381 est
2052 1323 2185 1381 dili-

642 1441 781 1499 gere
805 1428 923 1482 tota
941 1422 1246 1480 voluntate
1275 1420 1399 1477 sine
1424 1418 1904 1478 contradictione.
1938 1418 2185 1490 Diligere

643 1534 783 1577 vero
822 1520 943 1575 tota
983 1518 1199 1586 mente,
1246 1518 1332 1571 est
1364 1516 1486 1571 tota
1526 1512 1818 1570 memoria
1853 1511 1978 1569 sine
2026 1509 2184 1569 obli-

641 1613 831 1672 vione.
860 1632 887 1665 n
922 1610 1036 1670 Sed
1061 1610 1217 1681 quis,
1247 1606 1594 1678 charissimi,
1618 1606 1699 1664 ita
1726 1604 1963 1679 diligit?
1985 1620 2185 1663 nonne

519 1728 524 1733 ⁴
641 1706 777 1782 plus
816 1704 1140 1779 cogitamus
1184 1702 1259 1760 de
1302 1701 1576 1773 minim0,
1625 1700 1760 1774 plus
1800 1699 1876 1757 de
1920 1697 2182 1769 mund0,

643 1800 779 1876 plus
806 1799 882 1857 de
927 1796 1267 1856 adversario
1322 1794 1722 1867 subjugando,
1765 1793 1901 1868 plus
1950 1792 2025 1850 de
2057 1808 2185 1849 car·

643 1893 764 1953 nali
793 1896 1057 1968 peccato,
1099 1906 1282 1965 quam
1329 1888 1403 1946 de
1451 1886 1700 1945 Domino
1743 1888 1878 1945 lesu
1916 1886 2186 1945 Christo?

645 1992 798 2062 Ergo
853 1987 999 2044 dum
1045 1985 1182 2059 plus
1220 1984 1351 2054 ista,
1400 1999 1584 2056 quam
1625 1983 1808 2038 Deum
1854 1979 2187 2052 diligimus»,

643 2082 751 2140 filii
777 2078 1143 2156 perditionis»,
1174 2094 1296 2136 non
1332 2075 1439 2133 filii
1482 2075 1579 2133 Dei
1618 2091 1840 2132 sumus,
1872 2072 2019 2143 Quia
2063 2072 2188 2146 ipse

645 2174 787 2234 dicit
810 2172 877 2231 ²:
913 2193 942 2227 α
971 2173 1079 2243 Qui
1106 2175 1266 2229 amat
1306 2172 1568 2245 patrem,
1606 2172 1708 2226 aut
1731 2170 2016 2235 matrem,
2056 2166 2190 2239 plus

646 2286 830 2345 quam
867 2283 998 2340 me,
1030 2283 1153 2323 non
1181 2268 1267 2322 est
1307 2280 1404 2322 me
1435 2264 1670 2336 dignus.
1718 2281 1748 2316 n
1793 2264 1858 2319 Et
1903 2260 2068 2335 quod
2112 2259 2189 2317 de

644 2364 811 2439 patre
840 2366 896 2419 et
924 2364 1107 2418 matre
1136 2358 1367 2429 dicitur,
1413 2355 1632 2431 quibus
1668 2354 1926 2414 maxime
1955 2351 2189 2426 obliga-

646 2474 802 2530 mur,
832 2455 1022 2514 multo
1049 2452 1258 2512 fortius
1287 2450 1362 2509 de
1408 2447 1687 2507 omnibus
1731 2446 1862 2504 aliis
1906 2445 2187 2518 intelligi-

646 2556 783 2610 tur:
810 2566 954 2623 ergo
984 2548 1181 2606 nullus
1199 2546 1333 2604 talis
1361 2547 1449 2601 est
1474 2546 1591 2601 Deo
1621 2542 1835 2615 dignus
1858 2560 1872 2597 ε
1899 2557 2042 2613 ergo
2066 2556 2188 2598 non

648 2650 735 2705 est
761 2645 908 2717 ejuS,
930 2642 1037 2702 sed
1064 2640 1155 2700 sui
1186 2637 1508 2698 adversarii
1534 2635 1711 2694 filius.
1742 2634 1905 2692 Unde
1941 2634 2068 2708 ipse
2097 2633 2189 2691 di-

647 2740 726 2798 cit
750 2738 1028 2796 omnibus
1057 2734 1271 2793 talibus
1296 2732 1358 2790 in
1394 2734 1597 2789 Ioanne
1625 2733 1647 2768 ⁸
1681 2749 1695 2787 z
1732 2750 1759 2783 α
1788 2730 1900 2786 Vos
1919 2744 1992 2785 ex
2022 2730 2189 2802 patre

649 2832 896 2891 diabolo
924 2831 1079 2889 estiS.
1107 2849 1134 2883 ιο
1169 2826 1341 2897 Quod
1368 2823 1617 2897 intelligi
1647 2824 1826 2881 debet
1850 2839 1918 2879 ec
1952 2820 2189 2892 diabole,

649 2927 870 2985 scilicet
895 2939 1018 2982 non
1046 2921 1361 2989 creatione,
1392 2918 1498 2975 sed
1534 2915 1878 2974 imitatione.
1907 2917 2033 2972 Non
2060 2912 2190 2971 talis

650 3020 828 3079 Maria
864 3014 1241 3091 magdalena,
1286 3028 1418 3087 quae
1461 3026 1694 3084 semper
1737 3007 1993 3084 portavit
2029 3006 2191 3065 Chri·

649 3118 803 3172 stum
831 3113 893 3170 in
921 3109 1231 3179 memoria,
1261 3112 1325 3164 ut
1350 3106 1500 3163 nihil
1544 3104 1709 3161 aliud
1753 3106 1961 3177 praeter
1993 3102 2189 3177 ipsum

650 3209 893 3276 amaret,
920 3202 1019 3262 vel
1057 3201 1355 3275 cogitaret.
1392 3198 1604 3256 Dicitur
1641 3196 1824 3266 enim,
1860 3195 2026 3271 quod
2058 3200 2193 3269 post

649 3304 898 3359 mortem
927 3295 1156 3355 Domini
1173 3292 1486 3368 impatiens
1508 3290 1654 3349 alios
1671 3289 1944 3348 homines
1961 3287 2190 3361 videre,

650 3394 948 3453 desertum
979 3389 1238 3458 intravit,
1258 3386 1363 3444 ubi
1384 3384 1685 3443 neminem
1709 3382 1957 3455 videret,
1988 3382 2096 3440 sed
2116 3382 2192 3440 de

649 3488 780 3546 solo
812 3484 1059 3544 Domino
1084 3482 1385 3556 cogitaret.
1408 3478 1568 3536 Unde
1589 3494 1725 3535 vere
1744 3479 1976 3552 poterat
1997 3476 2193 3535 dicere

650 3580 801 3640 illud
826 3580 893 3637 ⁸:
933 3601 962 3631 α
1002 3576 1282 3637 Memoria
1309 3589 1540 3631 memor
1579 3587 1712 3644 ero,
1744 3576 1801 3630 et
1845 3571 2104 3630 tabescet
2129 3571 2191 3628 in

650 3692 748 3734 me
776 3674 976 3732 anima
1003 3687 1155 3729 mea.
1187 3689 1218 3725 ιο

720 3766 1056 3827 Secundum
1100 3758 1432 3820 dilectionis
1466 3758 1705 3832 signum
1743 3762 1829 3817 est
1855 3756 2191 3817 sollicitudo

649 3858 1064 3937 inquisitionis.
1105 3853 1489 3914 proverbium
1525 3856 1611 3910 est
1650 3852 1854 3909 enimz
1899 3851 2011 3920 Qui
2036 3850 2193 3908 bene

651 3956 830 4027 amat,
859 3968 982 4011 non
1011 3949 1249 4009 dormit.
1286 3968 1316 4002 α
1354 3950 1576 4004 intenta
1614 3945 1773 4003 enim
1814 3944 2190 4019 supplicatio,

649 4054 718 4109 ut
743 4048 885 4107 dicit
911 4043 1254 4107 Ambrosius
1276 4042 1320 4113 ⁶,
1349 4039 1609 4100 dormire
1642 4054 1744 4098 cor
1772 4038 2067 4096 mundum
2094 4054 2193 4096 ve-

650 4148 752 4202 tat.
782 4164 812 4199 »
843 4145 990 4200 Nam
1017 4141 1074 4198 et
1108 4136 1363 4213 perfecte
1390 4152 1599 4194 amans
1626 4134 1803 4193 etiam
1831 4135 2088 4192 somniat
2116 4133 2191 4192 dc

652 4238 843 4296 amico
875 4253 889 4292 ε
922 4233 1088 4309 quod
1123 4232 1260 4289 facit
1295 4230 1425 4304 ipsa
1468 4228 1683 4286 animae
1712 4227 2070 4285 sollicitudo.
2100 4228 2193 4286 vi-

652 4330 863 4389 demus
892 4325 1161 4386 enim‘ad
1187 4339 1446 4396 sensum,
1485 4320 1652 4397 quod
1692 4321 1743 4377 si
1781 4321 1914 4395 quis
1955 4337 2078 4379 non
2106 4322 2192 4380 vi-

653 4425 791 4483 deat
814 4439 942 4481 rem
975 4434 1159 4495 quam
1186 4415 1401 4490 diligit,
1436 4418 1494 4473 et
1528 4413 1753 4473 nesciat
1789 4412 1895 4471 ubi
1934 4414 2025 4487 sit,
2068 4430 2191 4472 non

653 4517 929 4594 quiescit,
975 4528 1098 4572 non
1161 4510 1419 4580 dormit,
1471 4506 1782 4566 comedere
1828 4504 1908 4565 ad
1961 4512 2193 4582 tempus

654 4610 886 4682 omittit,
913 4610 971 4666 et
997 4604 1243 4666 sollicite
1270 4603 1436 4661 illam
1479 4602 1701 4676 quaerit.
1740 4601 1897 4659 Unde
1941 4602 2192 4676 Sponsa,

652 4721 775 4781 proe
819 4718 1022 4761 amore
1070 4704 1127 4759 et
1171 4695 1437 4757 absentia
1492 4697 1702 4770 Sponsi
1746 4696 2038 4769 languens
2048 4739 2067 4769 ,
2108 4698 2192 4755 sic

654 4800 737 4858 ait
770 4800 793 4836 ⁶
833 4816 848 4855 :
886 4817 914 4851 ιι
959 4799 1023 4854 In
1065 4792 1284 4852 lectulo
1328 4806 1464 4849 meo
1513 4805 1621 4865 per
1670 4792 1904 4848 noctem
1949 4790 2192 4866 quaesivi

655 4908 836 4969 quem
863 4889 1057 4963 diligit
1082 4887 1282 4945 anima
1325 4900 1478 4943 mea.
1528 4904 1558 4939 ιι
1601 4883 1716 4942 Sed
1751 4884 1893 4959 quia
1935 4885 2194 4945 Christus

717 5017 735 5051 ¹
765 5015 940 5077 Bern.,
978 5012 1032 5061 in
1062 5010 1230 5071 Cant,
1266 5020 1418 5058 serm.
1450 5019 1546 5069 xx,
1580 5019 1632 5058 n.
1666 5007 1693 5056 4
1722 5010 1773 5056 et
1800 5009 1849 5070 7,
1883 5006 2055 5071 quood
2081 5021 2195 5058 sen·

654 5101 787 5139 gum,
819 5113 883 5123 ...
920 5090 942 5122 ι
984 5083 1195 5142 Mami„
1246 5092 1307 5140 x,
1353 5081 1432 5130 37.
1472 5105 1535 5118 —
1575 5079 1598 5114 ⁸
1636 5079 1806 5141 Joam,
1852 5090 1972 5141 νιιι,
2011 5080 2089 5129 44.
2132 5106 2194 5116 -

655 5161 673 5189 ⁴
702 5159 896 5219 Thi-en„
929 5168 1009 5220 ιιι,
1039 5157 1117 5206 20.
1139 5180 1193 5190 -
1221 5153 1244 5188 ⁸
1264 5150 1468 5202 Dictum
1495 5149 1596 5200 hoc
1632 5150 1787 5199 estin
1820 5151 2045 5215 Hymno,
2078 5151 2194 5202 Ales

656 5229 755 5280 diei
772 5227 1003 5291 nuntius,
1027 5226 1113 5292 qui
1131 5223 1318 5289 legitur
1345 5222 1395 5272 in
1425 5222 1573 5272 Feria
1593 5224 1640 5285 3,
1664 5221 1727 5271 ad
1755 5222 1972 5285 Laudes,
1988 5226 2041 5272 et
2060 5223 2193 5274 inter

657 5310 816 5367 opera
844 5298 1104 5352 prudentii
1130 5297 1270 5348 extat
1293 5294 1348 5345 in
1379 5294 1466 5345 lib.
1505 5292 1796 5345 Cathemer.
1823 5294 1887 5344 ad
1917 5293 2045 5345 Galli
2071 5308 2192 5346 can-

655 5376 784 5425 tum.
812 5398 875 5411 —
899 5373 920 5403 ⁸
948 5372 1114 5435 Cant„
1146 5381 1236 5432 ιιι,
1274 5368 1319 5420 1.
1352 5395 1402 5405 -
1438 5367 1456 5399 ²
1485 5365 1632 5429 thid„
1663 5369 1709 5417 2.
1743 5393 1794 5402 -
1828 5368 1847 5397 ⁸
1874 5365 2025 5430 ibid„
2054 5369 2102 5418 ⁴.
2130 5390 2190 5404 -—

1624 436 2046 507 SERMONES
2088 436 2190 503 DE
2232 437 2581 506 SANCTIS.
2625 438 2859 508 mv.

2292 589 2418 632 non
2446 575 2741 635 invenitur
2767 577 2830 635 in
2856 577 3033 649 lecto,
3061 592 3171 636 nec
3196 578 3258 636 in
3286 577 3455 636 suavi
3481 576 3645 646 loco,
3673 571 3835 632 addit

2294 670 2350 724 et
2377 668 2517 726 dicit
2542 671 2565 706 ⁷
2598 689 2612 727 z
2647 689 2676 723 α
2723 674 2990 744 Surgam,
3022 676 3079 729 et
3115 670 3379 731 circuibo
3410 670 3708 729 civitatem
3732 684 3835 741 per

2292 762 2458 819 vicos
2484 768 2541 821 et
2566 763 2789 838 plateas
2821 783 2835 822 :
2879 781 3147 839 quaeram
3187 781 3368 840 quem
3408 763 3606 837 diligit
3638 761 3832 820 anima

2294 872 2449 914 mea.
2481 877 2510 911 n
2544 857 2659 915 Sed
2688 858 2827 932 quia
2858 860 3139 917 Dominus
3171 864 3335 918 Iesus
3376 874 3503 917 non
3548 855 3835 915 invenitur

2291 950 2444 1008 inter
2470 956 2751 1025 cognatos
2779 956 2836 1010 et
2862 954 3113 1027 amicos„
3154 953 3320 1012 addit
3364 953 3572 1010 anima
3610 956 3834 1021 sancta,

2295 1044 2496 1103 dicens
2518 1047 2541 1083 ⁸
2574 1064 2588 1103 z
2621 1067 2649 1101 α
2674 1046 2986 1105 Paululum
3012 1064 3147 1105 cum
3176 1047 3630 1123 pertransissem
3658 1060 3777 1112 θος,
3802 1066 3828 1095 n

2292 1138 2512 1197 scilicet
2532 1145 2813 1213 cognatos
2841 1144 2897 1199 et
2924 1145 3117 1213 notos,
3159 1159 3193 1195 α
3212 1140 3415 1199 inveni
3440 1136 3839 1214 quemxdiligit

2293 1233 2495 1291 anima
2519 1250 2656 1292 mea
2691 1255 2707 1290 ε
2748 1234 2906 1292 tenui
2953 1251 3125 1306 eum,
3171 1238 3227 1291 et
3270 1248 3397 1292 non
3446 1232 3762 1291 dimittam.
3804 1250 3829 1281 n

2292 1324 2444 1384 Talis
2468 1343 2677 1385 revera
2703 1327 2810 1385 fuit
2836 1326 3214 1400 Magdalena,
3243 1344 3378 1402 quae.
3407 1324 3669 1384 Domino
3692 1338 3835 1380 mor-

2294 1422 2420 1493 tu0,
2458 1420 2693 1496 sibique
2725 1421 3046 1491 subtract0,
3076 1437 3196 1478 non
3239 1418 3605 1489 dormiebat,
3652 1418 3837 1492 quies-

2295 1530 2426 1572 cere
2454 1531 2578 1572 non
2622 1518 2885 1590 poterat;
2930 1515 3038 1572 sed
3073 1530 3226 1589 saepe
3254 1513 3334 1572 ad
3384 1515 3835 1571 monumentum

2296 1623 2557 1679 currenS,
2586 1609 2741 1667 intus
2772 1608 3112 1684 aspiciebat.
3141 1610 3209 1666 Et
3234 1606 3512 1682 quamvis
3540 1606 3742 1680 ipsum
3763 1605 3837 1662 ibi

2295 1717 2417 1759 non
2447 1718 2571 1760 esse
2594 1704 2877 1774 cerneret,
2904 1719 3059 1776 saepe
3092 1705 3291 1760 tamen
3318 1700 3398 1758 ad
3424 1698 3759 1757 videndum
3782 1714 3837 1756 se

2296 1794 2621 1854 inclinabat
2650 1816 2665 1854 :
2698 1797 2860 1871 quia,
2887 1802 2953 1855 ut
2979 1796 3120 1854 dicit
3144 1793 3459 1868 Gregorius
3487 1793 3531 1865 ’,
3556 1792 3638 1849 de
3674 1808 3743 1849 ea
3762 1789 3838 1848 lo-

2297 1906 2522 1964 quenS,
2578 1913 2607 1943 α
2650 1892 2740 1949 vis
2787 1892 3008 1950 amoris
3053 1890 3443 1948 intensionem
3490 1886 3841 1961 multiplicat

2296 1984 2708 2058 inquisitionis,
2739 2005 2769 2040 ι)
2812 1984 2929 2043 Sed
2969 1985 3101 2059 quis
3143 1982 3320 2041 hodie
3361 1981 3661 2040 Christum
3690 1997 3840 2054 quae·

2296 2081 2409 2136 rit?
2437 2080 2714 2150 Quaerunt
2741 2079 3031 2138 luxuriosi
3072 2082 3129 2137 et
3154 2077 3347 2151 gulosi
3388 2077 3603 2135 suavia
3634 2095 3649 2133 :
3690 2093 3839 2151 quae-

2296 2177 2433 2230 runt
2460 2172 2701 2248 superbi
2714 2172 3028 2231 sublimia:
3053 2176 3325 2248 quaerunt
3346 2171 3513 2228 avari
3528 2170 3841 2244 pecuniam

2297 2267 2518 2340 magiS,
2563 2282 2746 2342 quam
2786 2266 3095 2325 Christum.
3136 2270 3277 2324 Vere
3318 2264 3493 2323 multi
3530 2264 3673 2339 plus
3716 2263 3840 2320 dili-

2298 2365 2446 2433 gunt
2469 2361 2702 2418 asinum
2736 2377 2935 2432 suum,
2978 2376 3231 2435 porcum
3258 2377 3466 2431 suum,
3505 2362 3563 2415 et
3602 2373 3839 2432 equum,

2297 2454 2420 2512 imo
2447 2454 2761 2512 denarium
2788 2470 3009 2526 unum,
3052 2470 3234 2527 quam
3273 2456 3477 2511 Deum.
3518 2451 3689 2509 Unde
3735 2451 3842 2508 hoc

2296 2547 2565 2622 probas?
2610 2550 2774 2606 Certe
2818 2564 2891 2606 ex
2940 2547 3320 2622 inquisitione
3364 2545 3641 2604 sollicita.
3702 2548 3841 2602 Nam

2297 2641 2495 2715 perdit
2522 2642 2703 2699 homo
2739 2642 2961 2701 bovem
2979 2683 2999 2712 ,
3043 2645 3100 2699 et
3128 2640 3372 2698 sollicite
3417 2655 3560 2697 eum
3596 2639 3838 2714 quaerit:
3874 2645 3879 2649 ’

2298 2734 2492 2808 perdit
2511 2752 2755 2809 equum,
2780 2739 2838 2793 et
2861 2751 2984 2793 non
3014 2733 3263 2810 quiescit
3292 2753 3307 2790 ι
3337 2733 3533 2808 perdit
3561 2749 3760 2803 ovem,
3788 2736 3841 2789 et

2294 2832 2432 2902 post
2459 2845 2591 2887 eam
2619 2829 2783 2887 vadit
2812 2849 2827 2886 ε
2858 2828 3053 2903 perdit
3078 2828 3334 2898 asinum,
3362 2830 3419 2885 et
3461 2826 3691 2902 quaerit.
3732 2826 3837 2883 Sed

2298 2922 2492 2996 perdit
2516 2923 2722 2996 hom0,
2764 2920 3094 2999 peccando,
3135 2922 3449 2993 Christum,
3487 2925 3546 2978 et
3574 2920 3835 2994 quiescit,

2299 3015 2538 3090 dormit,
2574 3017 2747 3090 bibit,
2787 3017 3067 3088 comedit,
3093 3020 3152 3075 et
3184 3033 3308 3075 non
3348 3015 3577 3090 quaerit.
3624 3017 3669 3074 Ο
3700 3017 3842 3089 quot

2298 3115 2451 3182 sunt,
2476 3112 2578 3186 qui
2610 3111 2714 3169 diu
2743 3111 3048 3169 dormiunt
3074 3112 3133 3167 in
3178 3109 3453 3185 peccatiS,
3484 3122 3599 3167 nec
3641 3113 3842 3167 curant

2297 3221 2405 3280 per
2430 3205 2833 3279 poenitentiam
2861 3205 3153 3262 Christum
3195 3203 3514 3262 Dominum
3538 3203 3835 3261 invenire!

2298 3298 2462 3356 Unde
2499 3298 2624 3373 ipse
2657 3298 3039 3373 conqueritur
3063 3296 3141 3356 ¹⁰:
3169 3298 3449 3367 «Omnes,
3478 3297 3696 3372 inquit,
3743 3295 3836 3353 de-

2297 3392 2614 3466 reliquistis
2640 3409 2754 3450 me.
2798 3394 3031 3450 Frustra
3074 3390 3339 3465 percussi
3385 3389 3544 3448 filios
3580 3393 3835 3462 vestros3

2301 3485 2676 3560 disciplinam
2706 3502 2826 3543 non
2854 3487 3203 3561 receperunt
3233 3502 3248 3541 ε
3283 3484 3595 3542 devoravit
3610 3483 3837 3556 gladius

2298 3584 2489 3637 vester
2512 3578 2834 3654 prophetas
2872 3582 3128 3648 vestros,
3173 3599 3203 3634 ιι
3243 3582 3352 3637 etc.
3397 3597 3429 3632 a
3463 3579 3656 3647 Quare
3700 3592 3838 3649 ergo

2298 3672 2447 3731 dixit
2470 3673 2726 3747 populus
2752 3688 2921 3731 meus
2949 3691 2963 3729 :
2992 3673 3377 3743 Recessimus,
3406 3676 3464 3730 et
3488 3687 3618 3729 non
3642 3672 3839 3729 venie·

2298 3782 2431 3823 mus
2458 3764 2613 3825 ultra
2656 3766 2734 3825 ad
2785 3769 2879 3824 te?
2919 3766 3221 3840 Numquid
3254 3764 3640 3825 obliviscetur
3676 3765 3839 3836 virgo

2293 3860 2624 3919 ornamenti
2637 3859 2752 3931 sui,
2769 3865 2869 3919 aut
2890 3872 3111 3935 sponsa
3127 3859 3322 3918 fasciae
3338 3858 3661 3935 pectoralis
3685 3858 3843 3916 suae?

2298 3954 2559 4027 Populus
2596 3968 2743 4013 vero
2782 3969 2952 4012 meus
2979 3953 3200 4012 oblitus
3241 3957 3327 4011 est
3363 3953 3484 4011 mei
3510 3951 3727 4011 diebus
3753 3951 3838 4009 in·

2298 4048 2579 4105 numeris,
2610 4069 2639 4101 ι

2368 4141 2621 4199 Tertium
2648 4140 2977 4201 dilectionis
2998 4141 3235 4214 signum
3254 4145 3339 4198 est
3353 4139 3657 4198 sinceritas
3670 4138 3839 4197 affec·

2299 4230 2497 4294 tioniS.
2533 4238 2630 4293 Est
2666 4234 2824 4293 enim
2870 4235 3095 4292 sincere
3143 4233 3393 4308 diligere
3435 4237 3649 4304 Deum,
3693 4232 3839 4291 nihil

2299 4327 2413 4385 nisi
2436 4328 2652 4404 ipsum,
2679 4328 2777 4387 vel
2804 4332 3045 4402 propter
3071 4327 3287 4403 ipsum,
3319 4342 3543 4386 amare.
3574 4327 3841 4399 Augusti·

2297 4437 2411 4479 nus
2461 4421 2542 4480 ad
2593 4422 2910 4480 Dominum
2958 4421 3022 4479 in
3070 4421 3226 4480 libro
3279 4421 3706 4494 soliloquiorum
3754 4420 3791 4454 ¹¹
3822 4439 3840 4476 ε

2303 4533 2333 4568 α
2374 4515 2557 4574 Minus
2586 4518 2663 4585 te,
2694 4515 2960 4588 Domine,
3006 4518 3185 4585 amat,
3230 4514 3332 4590 qui
3379 4517 3577 4572 tecum
3615 4513 3845 4589 aliquid

2300 4612 2459 4667 amat
2486 4607 2655 4685 quod
2679 4622 2804 4666 non
2847 4612 3091 4683 propter
3117 4613 3173 4665 te
3200 4612 3377 4665 amat.
3406 4629 3437 4661 n
3484 4608 3645 4667 Sicut
3686 4610 3843 4666 enim

2300 4717 2512 4760 aurum
2559 4703 2839 4768 mixtum,
2896 4700 2994 4760 vel
3044 4701 3378 4777 impurum,
3417 4716 3544 4760 non
3588 4706 3709 4760 tam
3760 4708 3845 4760 est

2300 4794 2545 4853 charum
2563 4838 2580 4867 ‚
2621 4796 2719 4855 vei
2760 4795 3086 4871 pretiosum
3102 4838 3119 4867 ‚
3159 4794 3308 4852 sicut
3346 4794 3499 4854 illud
3544 4794 3714 4870 qnod
3757 4798 3843 4852 est

2299 4896 2542 4964 purum,
2586 4889 2670 4948 sic
2698 4888 2934 4949 dilectio
2960 4888 3175 4961 mixta,
3204 4891 3263 4947 et
3286 4905 3410 4947 non
3437 4905 3618 4963 pura,
3648 4888 3842 4946 minus

2301 5083 2321 5113 ⁸
2344 5083 2518 5147 Greg„
2547 5083 2601 5131 in
2635 5083 2849 5146 Evanq„
2874 5080 3021 5131 hom.
3057 5092 3179 5142 xxv,
3216 5093 3271 5130 n.
3301 5082 3351 5130 2.
3385 5106 3445 5117 —
3474 5081 3521 5118 ¹0
3551 5080 3754 5143 lm..
3779 5092 3839 5146 11,

2301 5157 2484 5215 29-30,
2528 5156 2697 5203 31-32.
2729 5178 2790 5191 -
2834 5154 2868 5187 ⁸¹
2922 5155 3028 5202 imo
3066 5152 3309 5216 contest,
3351 5151 3443 5202 lib.
3489 5152 3565 5216 X,
3604 5167 3651 5204 c.
3694 5164 3837 5204 mx.

2304 5226 2562 5291 Leguntur
2588 5224 2796 5290 quidem
2836 5224 2891 5274 in
2923 5223 3054 5275 libro
3089 5221 3243 5274 etiam
3283 5222 3703 5290 soliloquia-um,
3730 5235 3839 5287 nx,

2300 5294 2533 5361 Append.
2570 5299 2697 5347 tom.
2737 5296 2835 5361 Vi;
2877 5295 2968 5346 sed
3010 5294 3140 5347 liber
3172 5293 3257 5345 iile
3286 5306 3393 5345 non
3437 5295 3637 5347 videmi-
3668 5294 3841 5362 genui—

2298 5380 2425 5419 num
2453 5366 2720 5433 Augustini
2746 5379 2862 5419 esse
2890 5380 3038 5431 opus.
