4059 6317
874 504 1256 574 DOMINICA
1295 505 1434 575 XIX
1474 506 1676 575 POST
1717 502 2308 573 PENTECOSTEN.
2351 502 2612 570 SERMO
2652 502 2732 569 ΙΙ.

213 646 602 710 sanctorum.
644 643 818 711 Uxor
847 643 1025 727 Aqui
1067 647 1165 710 est
1201 642 1476 712 Ecclesia
1500 641 1754 719 Christi,

212 754 398 836 cujus
422 752 829 837 pulchritudo
854 769 986 817 non
1022 751 1232 817 solum
1259 750 1611 835 splendore,
1645 747 1756 814 sed

212 859 405 926 etiam
435 860 873 924 membrorum
905 859 1130 924 decore
1157 862 1401 924 constat
1430 860 1451 895 ¹
1482 877 1501 922 z
1540 882 1572 920 α
1598 858 1758 923 Tota

213 968 484 1054 pulchra
501 985 592 1046 es,
622 988 653 1027 n
681 970 804 1032 etc.
832 965 992 1031 Tota
1017 970 1208 1046 certe,
1235 967 1473 1050 quiain
1495 967 1755 1033 visceri-

214 1077 339 1142 bus
361 1075 510 1140 etin
525 1075 827 1140 membris
856 1097 873 1138 ε
902 1075 1126 1157 utique
1151 1075 1219 1140 in
1240 1076 1537 1141 omnibus
1556 1095 1759 1141 mem-

215 1183 354 1248 bris
378 1183 428 1247 ².
463 1181 642 1261 Nota,
672 1200 819 1265 quae
845 1183 973 1246 sint
998 1182 1218 1246 omnia
1237 1182 1550 1248 membra.
1583 1182 1759 1250 Oculi

214 1307 490 1372 sponsae,
520 1288 584 1353 id
607 1292 725 1368 est,
756 1288 1073 1368 Ecclesiae,
1105 1293 1254 1353 sunt
1279 1289 1526 1373 praelati
1537 1295 1598 1355 et
1613 1305 1761 1374 pro-

215 1398 484 1463 visores.
515 1397 618 1477 Os,
647 1396 934 1464 advocati
950 1401 1015 1462 et
1030 1398 1335 1463 doctores.
1367 1399 1592 1477 Aures,
1623 1415 1757 1480 poe·

216 1505 568 1570 nitentiarii
585 1509 648 1570 et
663 1507 1075 1585 consessores,
1094 1506 1197 1572 vel
1212 1507 1406 1572 etiam
1421 1524 1762 1571 causarum

217 1611 563 1678 auditores,
593 1610 799 1678 Nasus
826 1615 977 1678 sunt
1000 1614 1316 1697 sapientes
1352 1613 1674 1679 bonorum
1700 1615 1764 1678 et

217 1719 546 1785 malorum
579 1720 951 1785 discretores
1008 1742 1024 1784 z
1074 1739 1189 1804 per
1226 1739 1411 1786 nares
1453 1721 1627 1784 enim
1673 1720 1767 1786 di-

218 1830 609 1893 scernuntur
662 1827 909 1893 odores.
960 1827 1204 1892 Collum
1247 1831 1400 1894 sunt
1445 1829 1657 1895 clerici
1701 1833 1765 1895 et

218 1940 532 2002 cantores.
586 1934 813 2000 Pectus
855 1939 1009 2000 sunt
1045 1935 1290 2000 nobiles
1337 1940 1404 2002 et
1452 1942 1760 2021 potentes.

220 2044 430 2111 Ubera
466 2047 618 2110 sunt
646 2042 1016 2123 consiliarii,
1050 2044 1186 2127 qui,
1223 2044 1393 2110 heu!
1439 2063 1555 2129 pro
1605 2046 1767 2112 lacte

219 2152 466 2217 saniem
490 2152 751 2216 habent.
780 2149 1048 2216 Brachia
1072 2156 1226 2217 sunt
1256 2153 1509 2220 milites.
1543 2155 1768 2222 Manus

221 2259 376 2322 sunt
401 2254 699 2339 operarii,
733 2257 798 2318 et
823 2254 1117 2320 artifices.
1152 2254 1339 2321 Coxae
1369 2262 1518 2322 sunt
1543 2259 1767 2323 famuli

221 2368 290 2430 et
317 2362 676 2428 traditores.
705 2360 925 2442 Pedes,
957 2362 1072 2446 qui
1099 2367 1356 2446 portant
1387 2369 1594 2431 totum
1620 2385 1766 2432 cor-

222 2490 369 2559 pus,
422 2475 574 2538 sunt
625 2471 850 2537 rustici
900 2474 966 2536 et
1019 2472 1460 2555 agricultores.
1526 2474 1771 2551 Quibus

224 2580 534 2646 membris
579 2583 713 2645 tota
756 2582 1001 2644 constat
1052 2597 1320 2662 sponsa3
1369 2585 1433 2646 et
1476 2583 1765 2666 pulchra,

223 2689 381 2773 quia
412 2687 607 2752 etiam
631 2690 805 2752 totus
829 2687 1096 2769 pulcher
1128 2706 1421 2771 sponsae.
1452 2690 1770 2773 Augusti-

224 2814 353 2862 nus
379 2796 400 2832 ⁸
433 2818 450 2860 z
490 2818 522 2857 α
550 2794 710 2860 Ecce
741 2798 912 2859 totus
939 2794 1208 2878 pulcher
1238 2814 1509 2879 sponsus
1546 2797 1674 2879 ille,
1707 2801 1773 2864 et

225 2904 551 2987 speciosus
599 2903 810 2968 forma
871 2921 1010 2986 pree
1069 2902 1220 2967 filiis
1272 2904 1615 2970 hominum
1663 2924 1773 2972 ve-

222 3010 442 3078 niebat
457 3011 539 3075 ad
554 3009 814 3089 foedam,
836 3014 910 3075 ut
933 3010 1164 3075 faceret
1197 3011 1712 3094 pulcherrimam.
1732 3036 1763 3076 υ

224 3118 400 3184 Heu!
429 3122 746 3202 quantum
769 3118 955 3201 periit
973 3137 1225 3203 sponsae
1243 3118 1468 3185 Christi
1484 3121 1773 3203 pulchri-

224 3227 422 3293 tudol
468 3226 575 3290 Sic
608 3225 857 3292 ostendi
901 3229 1105 3311 potest
1149 3227 1219 3290 in
1259 3226 1539 3308 singulis
1577 3248 1775 3295 mem-

224 3336 382 3403 bris.
413 3336 435 3371 ⁸
471 3358 503 3398 a
533 3336 850 3418 Egressus
874 3339 971 3400 est
995 3352 1036 3399 a
1061 3334 1195 3399 fllia
1235 3334 1390 3400 Sion
1421 3337 1635 3401 omnis
1669 3338 1774 3404 de-

223 3463 339 3511 cor
362 3445 527 3527 ejus.
559 3464 593 3503 ι

308 3550 594 3617 Tertium
612 3550 911 3633 signatur
927 3550 1014 3632 (a)
1030 3550 1097 3614 in
1122 3551 1363 3635 nuptiis
1382 3551 1646 3618 Assueri
1668 3571 1771 3619 re·

225 3660 355 3745 gis,
371 3659 451 3725 de
467 3676 598 3742 quo
615 3657 844 3724 dicitur
859 3664 881 3699 ⁸
904 3680 921 3724 :
944 3681 976 3721 α
998 3658 1194 3724 Jussit
1215 3659 1584 3725 convivium
1604 3680 1775 3745 prae-

228 3768 444 3853 parari
461 3766 999 3852 permagnificum
1013 3766 1260 3832 cunctis
1272 3767 1688 3853 principibus,
1709 3775 1775 3836 et

229 3876 434 3941 servis
465 3875 601 3940 suis
649 3892 766 3957 pro
811 3874 1257 3957 conjunctione
1290 3880 1354 3940 et
1396 3877 1658 3960 nuptiis.
1696 3878 1777 3944 Et

229 3982 402 4051 dedit
427 3982 718 4066 requiem
747 3981 1066 4047 univorsis
1091 3981 1460 4064 provinciis,
1504 4003 1580 4049 ac
1605 3985 1775 4051 dona

226 4091 504 4175 largitus
531 4091 650 4169 est,
670 4112 702 4151 n
734 4093 856 4153 etc.
890 4089 993 4171 (b).
1034 4088 1199 4168 Quot
1225 4091 1686 4158 consolationes
1711 4098 1776 4159 et

228 4199 673 4267 delectationes
722 4196 1081 4280 spirituales
1126 4201 1277 4261 sunt
1327 4197 1398 4261 in
1456 4198 1770 4266 Ecclesia!

228 4305 352 4373 Per
375 4307 494 4372 has
518 4305 691 4370 enim
717 4304 974 4388 nuptias
999 4304 1252 4389 requies
1285 4305 1473 4371 datur
1517 4307 1585 4371 in
1632 4327 1776 4392 pro-

229 4413 444 4480 vincia
483 4413 648 4478 omli.
697 4412 879 4492 Item,
931 4412 1000 4476 in
1050 4413 1378 4495 provincia
1433 4416 1680 4494 mundi,
1736 4434 1777 4480 a

230 4521 645 4589 concussione
666 4522 731 4585 et
754 4520 1093 4586 vexatione
1120 4521 1267 4586 data
1295 4525 1393 4586 est
1417 4523 1668 4605 requies
1685 4525 1777 4590 vi-

229 4631 471 4697 tiorum
497 4629 701 4695 bonis.
737 4628 918 4710 Item,
947 4630 1016 4694 in
1055 4628 1381 4712 provincia
1412 4629 1666 4712 inferni,
1702 4632 1776 4699 in

227 4741 512 4808 liberatis
532 4741 612 4807 de
648 4740 891 4824 lymbo.
930 4739 1111 4820 Item,
1155 4740 1224 4804 in
1264 4741 1591 4823 provincia
1618 4762 1774 4826 pur-

227 4849 483 4934 gatorii.
533 4848 752 4915 Etiam·
781 4848 850 4912 in
898 4846 1001 4911 his
1048 4848 1291 4931 nuptiis
1329 4849 1497 4915 dona
1539 4849 1774 4917 dantur

228 4958 504 5043 Spiritus
528 4957 752 5023 sancti.
783 4955 857 5020 ln
878 4974 1066 5022 cruce
1094 4960 1305 5022 autem
1337 4956 1642 5024 Dominus
1663 4958 1776 5025 de-

228 5067 324 5134 dit
347 5083 578 5149 corpus
600 5082 796 5130 suum
813 5062 1062 5143 tortori,
1088 5067 1359 5130 matrem
1382 5083 1566 5131 suam
1592 5067 1627 5133 J
1628 5086 1778 5134 oan-

229 5173 325 5254 ni,
349 5171 714 5256 paradisum
739 5170 994 5250 latroni,
1022 5171 1314 5254 spiritum
1339 5171 1532 5239 Patri.

294 5300 314 5335 ¹
347 5298 519 5363 cant„
546 5308 624 5361 nr,
653 5297 704 5347 τ.
739 5321 800 5335 -
839 5297 859 5329 ²
895 5294 1012 5348 vie.
1043 5296 1219 5362 erog„
1254 5296 1462 5360 nor-az„
1498 5298 1588 5351 m).
1618 5300 1777 5362 xxx,

234 5386 281 5424 c.
310 5382 394 5434 vt,
430 5384 491 5421 n.
515 5372 595 5421 23.
630 5395 687 5406 —-
716 5369 737 5401 ³
762 5370 894 5434 Aug.
926 5393 989 5407 —
1022 5369 1045 5402 ⁸
1078 5367 1278 5430 vem„
1305 5381 1356 5433 1,
1386 5373 1433 5423 6.
1463 5397 1525 5410 —
1557 5373 1579 5408 ⁸
1606 5371 1775 5433 Beth„

238 5454 301 5505 11,
330 5444 411 5494 18.
438 5463 501 5477 —
527 5440 549 5477 ⁸
575 5439 783 5503 Natta„
811 5451 941 5504 xxti,
975 5442 1053 5491 lo.
1076 5464 1138 5476 —
1165 5440 1182 5468 ⁷
1218 5441 1451 5506 Gregor„
1482 5443 1539 5492 in
1561 5444 1784 5508 Erana„

237 5512 378 5565 hom.
415 5522 651 5572 xxxviii,
687 5523 741 5562 n.
785 5513 832 5563 7.
868 5535 932 5548 —
967 5510 991 5546 ⁸
1026 5511 1160 5573 Luce„
1197 5522 1305 5574 xlv,
1336 5514 1384 5565 8.
1419 5538 1478 5551 -
1515 5517 1534 5544 ⁹
1571 5514 1776 5576 Martii„

1944 638 2035 705 De
2076 642 2327 722 quarto,
2384 638 2616 706 dicitur
2654 637 2724 702 in
2777 638 2901 703 hoc
2945 636 3300 720 Evangelio
3325 644 3350 681 ⁶
3381 658 3402 703 ε

1869 747 2287 837 conmmanit
2311 762 2548 828 omnes,
2593 761 2748 829 quos
2787 746 3062 822 invenit,
3109 745 3298 814 bonos
3342 748 3407 814 et

1864 859 2086 940 malos,
2132 865 2191 926 et
2231 857 2503 942 impleta·
2544 864 2697 925 sunt
2730 858 2980 940 nuptia!
3011 855 3411 924 discumben-

1865 970 2051 1036 tium.
2095 969 2447 1050 Gregorius
2487 969 2512 1006 '¹
2561 989 2576 1032 :
2640 991 2672 1030 α
2713 967 2875 1033 Boni
2921 984 3240 1048 nusquam
3292 965 3411 1032 soli

1866 1081 2041 1156 sunt,
2072 1077 2198 1141 nisi
2222 1077 2294 1141 in
2320 1077 2518 1156 coe103
2552 1079 2617 1141 et
2642 1075 2793 1142 mali
2818 1089 3161 1157 nusquam,
3191 1073 3317 1138 nisi
3340 1074 3411 1139 in

1867 1184 2135 1249 inferno.
2169 1184 2321 1249 Haec
2345 1187 2563 1249 autem
2592 1184 2748 1263 vita,
2792 1201 2940 1266 quae
2973 1182 3141 1247 inter
3179 1181 3413 1249 coelum

1869 1296 1934 1356 et
1957 1292 2280 1356 infernum
2308 1291 2429 1356 sita
2456 1295 2572 1369 est,
2602 1291 2766 1355 sicut
2803 1293 2867 1356 et
2902 1290 2969 1354 in
3014 1289 3227 1356 medio
3255 1290 3413 1356 sub-

1868 1399 2057 1480 sistit,
2079 1399 2168 1464 ita
2188 1403 2611 1483 utrarumque
2624 1398 2903 1481 partium
2924 1396 3098 1462 cives
3113 1396 3356 1479 recipit.
3375 1417 3406 1457 ι

1869 1505 2022 1572 Fide
2063 1524 2218 1572 vero
2260 1507 2538 1587 informi,
2584 1506 2774 1572 modo
2806 1505 2877 1569 in
2917 1504 3074 1582 vita,
3114 1520 3413 1580 numero,

1872 1618 1936 1679 et
1961 1632 2093 1678 non
2114 1615 2367 1703 merito,
2391 1617 2546 1679 sunt
2571 1613 2720 1678 mali
2742 1613 2811 1677 in
2832 1610 3075 1694 nuptiis
3096 1610 3411 1677 Ecclesiae.

1873 1720 2031 1786 Boni
2059 1739 2099 1785 a
2125 1721 2308 1786 malis
2344 1721 2414 1785 in
2440 1721 2542 1785 his
2559 1720 2802 1802 nuptiis
2827 1718 3280 1783 discernuntur
3301 1737 3418 1802 per

1871 1828 2300 1894 humilitatem
2335 1836 2359 1872 ⁸
2408 1850 2424 1893 ε
2477 1852 2509 1890 α
2550 1826 2705 1893 Cum
2744 1828 3051 1894 invitatus
3084 1825 3286 1892 meris
3332 1825 3417 1892 ad

1872 1937 2152 2018 nuptias,
2173 1954 2305 2001 non
2322 1937 2683 2002 discumbas
2708 1936 2777 2000 in
2802 1934 3012 2018 primo
3036 1934 3200 2012 loco,
3228 1955 3261 1995 n
3294 1937 3415 2000 etc.

1875 2044 2034 2110 ltem
2079 2063 2192 2127 per
2232 2045 2641 2124 charitatem;
2687 2044 2861 2109 unde
2914 2043 2993 2108 de
3036 2042 3419 2108 habentibus

1875 2154 2086 2219 oleum
2118 2154 2445 2218 charitatis
2470 2153 2701 2218 dicitur
2726 2152 2752 2188 ⁸
2782 2172 2799 2218 z
2831 2175 2863 2213 c
2878 2152 3035 2231 Quae
3061 2153 3279 2218 autem
3299 2169 3419 2234 pa-

1877 2266 2035 2327 ratae
2054 2265 2252 2341 erant,
2274 2261 2676 2326 intraverunt
2696 2277 2849 2325 cum
2874 2278 2952 2325 eo
2977 2260 3060 2325 ad
3081 2259 3358 2342 nuptias.
3380 2281 3415 2321 ι

1876 2369 2034 2435 ltem
2076 2387 2190 2452 per
2223 2370 2376 2436 vitae
2414 2369 2838 2448 sanctitatem,
2862 2384 3011 2451 quae
3036 2384 3152 2450 per
3178 2370 3427 2434 vestem

1876 2477 2280 2560 significatur
2298 2475 2677 2560 nuptialem.

2395 2652 2685 2725 SERMO
2738 2654 2800 2722 11
2830 2655 2905 2723 ι’.

1959 2801 2098 2868 Rex
2125 2805 2338 2869 autem
2372 2815 2517 2867 cum
2553 2797 2867 2876 audisset,
2916 2799 3135 2865 iratus
3173 2799 3270 2862 est
3300 2818 3328 2862 .·
3362 2801 3425 2864 et

1877 2910 2094 2976 missis
2118 2907 2619 2992 speculatoribus
2645 2907 2807 2984 suis,
2832 2902 3129 2988 pertudit
3152 2903 3423 2972 homici-

1877 3016 2000 3084 das
2033 3017 2177 3085 {llos
2197 3019 2264 3081 ¹¹.
2297 3015 2615 3094 Quoniam
2637 3013 2903 3080 bonitati
2909 3012 3147 3097 judicis
3163 3013 3427 3076 attesta-

1879 3130 2006 3205 tur,
2037 3125 2254 3191 audito
2280 3125 2566 3203 consilia,
2598 3122 2912 3188 concitare
2955 3120 3025 3206 (c)
3071 3119 3206 3185 zelo
3229 3118 3426 3202 justi-

1878 3234 2007 3313 tiae,
2038 3233 2332 3300 detestari
2372 3249 2519 3296 eum
2567 3230 2653 3313 (d)
2689 3231 2757 3294 in
2786 3229 2996 3305 corde,
3029 3231 3093 3292 et
3116 3227 3329 3308 etiam,
3371 3225 3427 3291 si

1881 3340 2259 3424 possibilitas
2311 3340 2510 3420 adest,
2566 3337 2799 3422 punire
2851 3353 3079 3419 opere;
3124 3333 3279 3398 hinc
3331 3337 3429 3400 est

1880 3448 2054 3531 quod
2096 3447 2408 3511 Dominus
2431 3449 2669 3524 noster,
2702 3444 2785 3509 ad
2811 3440 3425 3509 commendationem

1880 3554 2115 3620 divinae
2155 3553 2495 3636 aequitatis‚
2541 3551 2682 3617 haec
2724 3551 2848 3616 tria
2885 3567 2999 3633 per
3036 3547 3328 3614 ordinem
3356 3550 3427 3612 in

1879 3662 2077 3727 verbo
2104 3661 2426 3745 proposito
2453 3659 2755 3724 insinuat.
2792 3657 2870 3723 Et
2898 3657 3182 3740 primum
3206 3660 3304 3721 est
3328 3654 3425 3720 di-

1879 3769 2053 3834 vinae
2073 3767 2342 3851 justitiae
2370 3767 2740 3844 concitati03
2786 3765 3141 3830 secundum
3168 3768 3265 3828 est
3286 3763 3427 3830 cul-

1881 3894 1982 3959 pae
2034 3876 2392 3953 detestati03
2439 3874 2701 3938 tertium
2748 3875 2842 3938 est
2886 3888 3097 3953 poenae
3135 3869 3420 3936 inflictio.

1881 3983 2060 4049 Unde
2088 3983 2306 4047 divina
2325 3979 2574 4065 justitia
2603 3979 2726 4045 fuit
2758 3978 3068 4044 concitata
3111 3977 3179 4041 in
3224 3977 3431 4043 auda-

1878 4093 1996 4171 cia,
2027 4091 2218 4173 culpa
2246 4090 2554 4155 detestata
2594 4087 2662 4150 in
2707 4086 2963 4165 affecta,
3001 4089 3067 4151 et
3104 4103 3291 4169 poena
3324 4086 3427 4151 in·

1878 4200 2048 4264 flicta
2077 4201 2146 4262 in
2170 4198 2421 4263 effectu.
2452 4194 2745 4261 Primum
2780 4197 3060 4273 notatur,
3094 4211 3243 4258 cum
3270 4192 3424 4258 dici-

1879 4311 1988 4372 tur
2029 4323 2048 4370 z
2093 4305 2234 4372 Rex
2274 4309 2490 4371 autem
2534 4317 2681 4368 cum
2716 4299 3024 4368 audisset.
3060 4296 3425 4366 Secundum

1882 4417 2160 4496 notatur,
2193 4430 2342 4478 cum
2371 4411 2662 4476 additur:
2692 4411 2933 4477 Iratus.
2950 4409 3259 4487 Tertium,
3274 4423 3425 4474 cum

1884 4522 2081 4605 adjun
2089 4522 2268 4603 gitur
2299 4541 2314 4584 ε
2348 4516 2645 4586 Perdidit
2670 4515 3032 4584 homicidas
3054 4516 3222 4585 tuos.

1961 4629 2126 4693 Dicit
2152 4646 2314 4711 ergo
2344 4646 2362 4693 z
2393 4627 2531 4693 Rea:
2552 4642 2698 4692 eum
2724 4624 3059 4693 audisset:
3099 4626 3212 4690 ubi
3243 4628 3423 4691 nota-

1885 4739 1993 4803 tur
2020 4735 2353 4801 concitatio
2373 4733 2638 4817 justitiae
2666 4751 2778 4814 per
2802 4732 3115 4798 auditum.
3137 4731 3318 4798 Tunc
3341 4733 3431 4799 di-

1886 4845 2040 4910 vina
2073 4842 2325 4927 justitia
2376 4841 2749 4921 concitatur,
2804 4859 2955 4906 cum
3007 4841 3185 4906 audit
3222 4842 3429 4924 primo

1887 4952 2323 5034 arrogantiam
2371 4948 2751 5014 detestabilis
2796 4946 3272 5028 inobedientiae3
3321 4967 3431 5014 se-

1886 5064 2121 5140 cundo,
2138 5059 2648 5127 malevolentiam
2665 5057 3027 5141 impietatis,
3050 5064 3112 5124 et
3125 5059 3424 5141 saevitioe3

1885 5275 2009 5327 xxv,
2046 5265 2120 5314 lo.
2145 5286 2208 5298 -
2236 5261 2281 5296 ¹⁰
2308 5260 2456 5310 Hunc
2492 5270 2598 5309 non
2634 5256 2785 5308 habet
2821 5256 2943 5309 edit.
2976 5257 3136 5311 Paris.
3165 5273 3252 5311 an.
3288 5263 3427 5316 ¹52¹.

1886 5362 1941 5372 —-
1975 5335 2013 5370 ¹¹
2037 5333 2242 5399 matth„
2271 5343 2411 5393 1111,
2439 5331 2487 5380 7.

1949 5444 2015 5509 (a)
2062 5442 2185 5496 Coet.
2225 5442 2350 5496 edit.
2389 5441 2613 5507 signum.
2647 5464 2711 5478 -—
2761 5439 2822 5503 (bl
2868 5440 2993 5492 Item
3030 5440 3259 5504 servilia,
3293 5442 3430 5495 mello

1885 5530 2047 5570 sensu.
2078 5543 2138 5557 -
2159 5516 2222 5583 (c)
2253 5515 2405 5567 Forte
2437 5512 2538 5580 leq.
2566 5511 2829 5568 concitari.
2863 5538 2918 5552 -·
2949 5514 3028 5582 (d)
3053 5515 3178 5568 Itan
3199 5527 3363 5570 reum.
