4059 6317
715 486 835 550 486

714 618 997 703 oportuit
1035 623 1101 685 et
1121 623 1189 686 te
1225 620 1516 687 misereri
1557 619 1850 685 conservi
1890 618 1989 684 tui
2003 619 2038 682 ‘t
2058 638 2090 678 t
2126 618 2249 681 etc.

716 726 796 793 Et
819 726 926 792 ille
947 726 1112 792 alius
1141 733 1185 808 ¹,
1214 728 1328 811 qui
1368 732 1622 811 guttam
1655 746 1842 812 aquae
1877 743 2012 792 non
2048 724 2258 808 impe-

717 835 947 913 travit,
977 835 1134 918 quia
1158 835 1421 920 pauperi
1449 834 1921 919 eleemosynam
1963 830 2254 915 negavit.

721 942 801 1009 Et
825 942 904 1008 de
926 942 1162 1008 talibus
1200 942 1353 1008 dicit
1400 942 1696 1008 Psalmus
1737 949 1762 984 ²
1809 964 1824 1006 :
1872 964 1902 1002 (ι
1930 939 2089 1006 Ecce
2136 937 2261 1022 ipsi

719 1054 1077 1136 peccatores
1091 1052 1508 1117 obtinuerunt
1524 1050 1798 1117 divitias.
1822 1049 1898 1115 Et
1916 1049 2083 1127 dixi;
2102 1064 2262 1129 ergo

723 1158 861 1223 sine
886 1176 1079 1224 causa
1098 1158 1446 1240 Justiflcavi
1468 1176 1578 1223 cor
1603 1176 1846 1222 meum.
1877 1177 1909 1216 n
1943 1155 2023 1221 Et
2051 1153 2265 1238 sequi-

723 1270 836 1331 tur
866 1288 882 1332 z
921 1289 954 1327 α
979 1264 1310 1344 Quomodo
1327 1264 1474 1330 facti
1502 1268 1651 1330 sunt
1676 1264 1746 1329 in
1770 1262 2262 1329 desolationem?

726 1373 937 1439 subito
963 1373 1355 1453 defecerunt,
1386 1373 1718 1457 perierunt
1744 1374 2004 1456 propter
2026 1369 2266 1453 iniqui-

725 1487 887 1548 tates
912 1500 1083 1548 suaa.
1111 1505 1144 1544 ι

809 1591 1092 1670 Quatuor
1119 1591 1243 1656 alia
1278 1592 1471 1673 signa
1489 1639 1511 1671 ,
1556 1590 1694 1655 sive
1731 1588 2263 1667 abominationes,

729 1700 987 1767 invenio
1019 1718 1035 1765 ε
1067 1699 1352 1784 primum
1389 1700 1652 1780 signum
1694 1698 1847 1776 erit,
1879 1697 2136 1781 quando
2157 1700 2267 1780 ju·

730 1827 927 1876 venes
966 1812 1155 1875 erunt
1198 1808 1339 1873 sine
1368 1808 1766 1886 reverentia;
1800 1805 2154 1872 secundum
2182 1804 2272 1869 si·

735 1937 967 2002 gnum,
998 1916 1255 2000 quando
1280 1918 1473 1980 erunt
1499 1931 1809 2000 pauperes
1841 1915 1975 1979 sine
2005 1912 2268 1979 humili-

732 2030 896 2107 tate3
965 2025 1228 2090 tertium
1285 2024 1546 2106 signum
1570 2070 1592 2102 ,
1653 2022 1909 2106 quando
1970 2019 2275 2085 mulieres

735 2136 925 2200 erunt
972 2133 1109 2197 sine
1169 2130 1593 2211 verecundia3
1646 2134 1950 2214 quartum
2006 2129 2273 2212 signum

736 2242 887 2320 erit,
918 2240 1172 2326 quando
1212 2238 1694 2304 matrimonium
1733 2238 1856 2302 erit
1899 2237 2038 2301 sine
2064 2236 2274 2302 conti-

737 2351 976 2416 nentia.

755 2522 761 2529 ,
818 2456 966 2522 Dico
989 2455 1160 2539 quod
1187 2455 1474 2539 primum
1492 2452 1759 2535 signum
1786 2450 2277 2517 abominationis

739 2564 1113 2632 Antichristi
1139 2566 1295 2641 erit,
1326 2563 1582 2648 quando
1601 2565 1876 2646 juvenes
1915 2566 2105 2627 erunt
2139 2561 2279 2626 sine

740 2673 1096 2740 reverentia
1120 2676 1184 2737 et
1218 2673 1447 2736 timore
1463 2719 1482 2750 ,
1515 2674 1578 2736 et
1607 2671 1887 2734 maxime
1911 2673 2274 2753 parentum.

741 2780 904 2847 Nam
933 2780 1223 2845 solebant
1243 2798 1380 2845 esse
1398 2783 1674 2864 juvenes
1699 2778 1769 2842 in
1794 2778 2028 2842 timore
2057 2794 2277 2861 paren-

739 2893 882 2956 tum
923 2906 1127 2972 usque
1179 2886 1260 2952 ad
1314 2885 1927 2970 quinquagesimum
1977 2885 2280 2969 quintum

741 3015 1010 3076 annum,
1032 2998 1097 3060 et
1117 2994 1209 3059 eis
1229 2995 1300 3058 in
1326 2994 1625 3058 omnibus
1649 2992 2031 3058 obediebant
2058 3014 2074 3057 ε
2098 2994 2281 3057 erant

742 3104 1084 3172 verecundi
1105 3151 1123 3184 ,
1168 3102 1506 3168 servabant
1547 3100 1931 3167 munditiam
1978 3118 2092 3183 per
2143 3117 2280 3164 ma-

745 3229 955 3296 gnum
981 3214 1258 3294 tempuS,
1284 3215 1348 3275 et
1378 3227 1525 3273 cum
1559 3208 1918 3274 reverentia
1943 3209 2111 3273 inter
2137 3227 2283 3273 ma-

738 3321 916 3403 jores
966 3325 1028 3381 et
1083 3316 1240 3381 alios
1289 3317 1717 3400 loquebantur
1748 3337 1765 3381 t
1794 3316 1904 3382 sed
1945 3316 2136 3381 modo
2191 3318 2287 3382 aet

743 3429 952 3491 totum
977 3424 1364 3508 oppositum,
1394 3426 1548 3488 sunt
1563 3423 1994 3489 inobedientes
2011 3422 2286 3508 parenti-

745 3535 890 3610 bus,
923 3538 989 3598 et
1016 3532 1158 3598 aliis
1183 3534 1320 3597 sine
1344 3533 1700 3598 reverentia
1727 3536 1914 3613 sunt,
1941 3537 2090 3598 ante
2116 3537 2285 3598 tem-

747 3659 869 3726 pus
901 3640 1249 3722 immundi,
1281 3645 1344 3706 et
1372 3640 1544 3724 quod
1569 3639 1776 3705 deficit
1802 3640 1880 3705 de
1916 3644 2105 3706 aetate
2130 3658 2287 3723 sup-

540 3781 721 3887 pmu
747 3750 876 3836 plet
902 3749 1164 3815 malitia.
1194 3750 1353 3829 Sed,
1386 3747 1740 3813 secundum
1784 3749 2075 3814 doctores
2092 3798 2108 3830 ,
2138 3766 2284 3832 pec·

521 3855 581 3899 pu
680 3854 708 3884 a

506 3907 609 3949 ante
625 3916 723 3962 nep·

533 3967 702 4077 :¹3²3
748 3980 929 4042 num,
961 3962 1360 4045 imputantur
1389 3960 1776 4044 parentibus,
1806 3962 1960 4045 quia
1991 3978 2104 4025 eos
2125 3961 2291 4026 male

523 4094 711 4151 pamu-
750 4069 1091 4136 nutriunt:
1124 4068 1275 4133 hinc
1309 4068 1589 4134 evadunt
1625 4069 1764 4132 sine
1803 4067 2164 4133 reverentia
2196 4069 2290 4134 lo-

509 4156 724 4279 ffi'm'ffi}
751 4182 1016 4264 quentes
1029 4226 1048 4258 ,
1108 4174 1646 4259 blasphematores
1665 4223 1688 4255 ,
1748 4180 2258 4242 murmuratores
2272 4225 2293 4259 ,

747 3863 886 3924 cata
920 3875 1067 3943 quae
1096 3857 1580 3922 committuntur
1622 3861 1769 3922 ante
1807 3859 2153 3942 septimum
2180 3876 2290 3923 an·

752 4287 1203 4355 diffamatores.
1261 4280 1493 4348 Contra
1547 4281 1705 4347 tales
1756 4282 1988 4347 clamat
2042 4283 2296 4351 Abacuc

756 4394 1086 4480 propheta,
1132 4391 1347 4457 dicens
1374 4391 1398 4426 ⁸
1428 4412 1445 4453 ε
1506 4411 1539 4451 α
1563 4387 1909 4473 Usquequo
1927 4438 1949 4470 ,
1993 4391 2258 4456 Domine
2273 4440 2295 4472 ,

757 4500 1067 4577 clamabo,
1085 4504 1149 4565 et
1165 4516 1298 4563 non
1321 4497 1667 4562 exaudies?
1697 4497 1720 4533 ⁸
1736 4515 1939 4581 quare
1953 4516 2086 4562 non
2102 4500 2300 4583 respi-

757 4610 848 4676 cis
876 4611 1340 4691 contemptores
1363 4606 1469 4669 te?
1509 4603 1718 4682 Quare
1757 4610 1977 4669 contra
2015 4623 2124 4672 eos
2168 4624 2299 4672 non

759 4717 912 4783 tacis
936 4714 1281 4783 vindictam
1322 4713 1447 4796 (a)i
1489 4717 1512 4753 ⁸
1556 4711 1820 4796 Propter
1856 4713 1980 4779 hoc
2023 4713 2300 4780 lacerata

763 4829 859 4891 est
884 4824 1013 4889 lex.
1035 4843 1067 4883 n
1117 4821 1196 4888 Et
1221 4820 1379 4886 tales
1413 4819 1579 4885 male
1605 4820 1860 4902 vivunt,
1890 4826 1954 4886 et
1980 4823 2300 4887 damnan-

761 4936 890 5013 tur,
916 4932 1079 4998 sicut
1091 4929 1244 4995 dicit
1259 4927 1607 5009 Gregorius
1631 4927 1654 4964 ⁸
1673 4927 1752 4993 de
1774 4928 1881 4993 illo
1900 4948 2101 5013 puero
2119 4932 2302 5015 quin-

763 5058 892 5124 que
917 5055 1234 5106 annorum
1262 5035 1375 5117 qui
1419 5033 1832 5119 blasphemus
1880 5040 2047 5120 erat,
2089 5042 2152 5104 et
2178 5040 2305 5107 dae-

830 5208 846 5240 ι
883 5206 1020 5267 Luc„
1047 5213 1162 5267 xm,
1208 5202 1287 5255 24.
1330 5226 1383 5236 —
1427 5200 1445 5231 ²
1483 5199 1617 5253 psal.
1665 5211 1840 5264 mxu,
1881 5204 1970 5265 12,
2009 5206 2100 5264 13,
2137 5204 2213 5257 ¹9.
2243 5230 2305 5244 ·-

769 5278 788 5307 ⁸
815 5276 1020 5338 Habac„
1054 5289 1106 5338 ι,
1144 5278 1195 5325 2.
1230 5297 1292 5308 —-
1330 5276 1346 5302 ⁸
1382 5270 1589 5335 Babae„
1634 5284 1682 5334 1,
1713 5274 1794 5323 13.
1832 5300 1886 5311 -
1925 5274 1948 5309 ⁸
1977 5274 2126 5339 lbid.,
2168 5278 2213 5327 4.
2243 5302 2305 5316 -

769 5349 791 5383 ⁸
820 5350 995 5412 Greg.,
1025 5346 1187 5411 Dial„
1206 5345 1296 5397 lib.
1331 5345 1414 5407 lv,
1442 5357 1488 5395 c.
1513 5356 1664 5396 xvm.
1684 5371 1747 5381 —
1774 5345 1791 5375 ⁷
1823 5344 1987 5396 Locus
2012 5351 2302 5413 corruptus.

771 5446 833 5458 --
859 5421 880 5450 ⁸
903 5420 1071 5482 rm„
1106 5429 1264 5477 xvnr,
1304 5419 1383 5468 23.
1425 5444 1481 5455 -
1515 5417 1535 5447 ⁸
1563 5416 1743 5475 Baeti„
1779 5426 1899 5479 xxv,
1929 5420 1976 5467 4.
2012 5445 2076 5458 -
2104 5420 2147 5457 ¹⁰
2173 5419 2308 5485 Ore,

775 5501 812 5555 1,
840 5491 887 5540 2.
920 5516 973 5527 —
1005 5490 1042 5524 ¹¹
1075 5486 1222 5543 ibid..
1251 5492 1298 5538 ¹0.
1322 5510 1382 5525 --
1411 5487 1458 5523 ¹⁸
1482 5489 1647 5539 Locus
1669 5490 1961 5552 corruptus.

1803 480 2219 549 SERMONES
2261 478 2357 546 DE
2394 479 2791 550 TEMPORE.

2364 634 2520 683 mon
2542 635 2691 684 eum
2717 619 2797 686 de
2826 621 3124 688 manibus
3148 622 3349 707 patris
3373 621 3783 707 deportavit;
3810 624 3911 690 vel

2363 723 2444 790 de
2480 724 2687 791 tribus
2718 728 3067 811 juvenibus
3114 727 3315 795 ltaliae
3356 748 3511 795 cum
3562 748 3785 796 massa
3814 731 3912 797 de·

2365 832 2565 899 functi
2591 833 2637 898 ¹¹.

2445 938 2807 1007 Secundum
2824 942 3083 1026 signum
3096 945 3217 1011 erit
3228 944 3635 1028 Antichristi,
3655 947 3913 1029 quando

2368 1065 2676 1131 pauperes
2707 1055 2898 1116 erunt
2935 1052 3073 1119 sine
3097 1052 3461 1119 humilitate
3494 1075 3510 1118 ε
3544 1054 3663 1119 sed
3692 1054 3913 1120 hnmi-

2368 1154 2461 1221 les
2486 1173 2622 1221 esse
2659 1157 2890 1224 debent
2911 1208 2930 1238 ‚
2961 1163 3026 1225 et
3051 1177 3190 1225 esse
3216 1165 3707 1229 consueverunt
3723 1210 3743 1243 ,
3773 1161 3921 1246 quia

2369 1263 2746 1329 nutriuntur
2769 1265 2849 1331 de
2874 1266 3063 1333 bonis
3105 1267 3382 1332 aliorum
3404 1288 3424 1349 3
3455 1272 3521 1333 et
3548 1287 3788 1335 eorum
3811 1269 3921 1334 hu-

2371 1371 2607 1436 militas
2646 1371 2831 1438 debet
2865 1374 3111 1440 ostendi
3155 1376 3226 1439 in
3261 1393 3456 1459 opere
3503 1379 3571 1442 et
3600 1394 3918 1457 sermone,

2366 1481 2558 1563 juxta
2583 1480 2739 1546 illud
2765 1485 2790 1523 ⁸
2827 1502 2843 1546 ε
2886 1502 2919 1543 ι
2945 1480 3104 1546 Cum
3137 1482 3698 1550 obsecrationibus
3730 1483 3806 1566 (b)
3834 1484 3925 1549 lo·

2374 1589 2596 1673 quitur
2620 1607 2884 1672 pauper,
2913 1588 3091 1655 dives
3127 1589 3426 1655 affabitur
3456 1590 3704 1673 rigide.
3734 1613 3767 1652 ι
3808 1590 3925 1657 Sed

2375 1696 2565 1762 modo
2591 1697 2950 1776 considera,
2976 1701 3040 1762 et
3065 1697 3214 1764 vide
3239 1717 3558 1783 pauperes
3598 1699 3926 1782 quomodo

2377 1809 2526 1870 sunt
2569 1804 2869 1888 superbi,
2899 1804 3260 1888 bilingues,
3288 1805 3717 1884 detractores,
3748 1825 3926 1872 mur-

2378 1915 2735 1977 muratores
2748 1961 2767 1993 ,
2796 1913 3139 1993 derisores,
3178 1914 3484 1993 latrones,
3519 1912 3927 1998 blasphema·

2379 2022 2568 2099 tores,
2599 2019 2922 2085 daemones
2942 2020 3292 2101 imitantes,
3314 2039 3475 2104 opus
3488 2020 3925 2101 talsifleentoe,

2381 2129 2678 2195 malitiosi
2707 2132 2773 2195 et
2798 2130 3087 2210 saturati,
3118 2130 3329 2211 otiosi,
3355 2128 3521 2194 male
3540 2130 3933 2213 responden·

2380 2240 2494 2307 tes,
2526 2236 2858 2302 mendaces
2885 2240 2990 2302 :et
3004 2237 3236 2303 hocest
3253 2238 3524 2319 signum
3548 2237 3933 2302 Antichristi

2383 2348 2551 2410 certe
2577 2344 2698 2426 sic,
2730 2347 2797 2409 et
2819 2343 3039 2410 dubito
3082 2344 3257 2429 quod
3304 2362 3435 2410 non
3477 2344 3793 2411 tardabit.
3834 2345 3937 2410 Ait

2384 2452 2649 2537 Sapiens
2672 2454 2696 2491 ⁸
2729 2476 2745 2519 ε
2780 2474 2813 2515 ι
2840 2451 2989 2518 Tria
3011 2457 3162 2517 sunt
3200 2471 3346 2537 quae
3385 2452 3520 2518 odit
3559 2452 3879 2518 Dominus
3916 2474 3931 2518 ε

2384 2564 2734 2648 superbum
2774 2580 3119 2647 pauperem
3135 2610 3157 2643 ,
3204 2560 3469 2628 divitem
3512 2562 3929 2641 mendacem,

2386 2688 2604 2736 senem
2628 2671 2901 2736 fatuum.
2934 2690 2966 2731 υ

2464 2776 2749 2843 Tertium
2776 2779 3045 2858 signum
3082 2774 3461 2841 Antichristi
3484 2777 3642 2857 erit,
3674 2778 3937 2862 quando

2389 2884 2691 2950 mulieres
2726 2887 2917 2949 erunt
2959 2882 3097 2948 sine
3138 2882 3546 2949 verecundia.
3589 2883 3760 2950 Nam
3790 2904 3932 2950 mu-

2388 2992 2574 3057 lieres
2598 2991 2952 3076 antiquitus
2979 2994 3453 3056 consueverunt
3476 2991 3724 3058 habere
3749 2992 3939 3057 mira·

2389 3099 2584 3166 bilem
2622 3100 3017 3165 honestatem
3050 3103 3115 3165 et
3148 3099 3557 3181 munditiam,
3588 3102 3661 3166 in
3687 3104 3939 3167 tanum

2390 3207 2562 3292 quod
2582 3206 2867 3290 legimus
2893 3206 3067 3291 quod
3083 3210 3267 3272 erant
3282 3207 3430 3274 duae
3451 3207 3791 3290 mulieres,
3812 3228 3942 3275 uns

2392 3316 2641 3402 publice
2687 3316 2944 3381 tenebat
2969 3315 3321 3400 hospitium
3339 3365 3357 3394 ,
3388 3317 3454 3380 et
3479 3316 3606 3381 alia
3632 3317 3851 3382 stabat
3875 3319 3941 3383 in

2396 3427 2522 3492 via.
2555 3423 2679 3490 Sed
2708 3425 2899 3490 modo
2932 3423 3221 3504 videatis,
3252 3423 3311 3488 si
3336 3423 3466 3488 sint
3492 3424 3719 3507 plures
3744 3444 3943 3509 quam

2395 3535 2564 3601 duae.
2591 3532 2712 3598 Ubi
2739 3536 2835 3597 est
2862 3532 3162 3597 honestas
3186 3548 3412 3597 earum
3429 3531 3463 3594 ‘t
3489 3530 3648 3595 Eam
3666 3532 3944 3599 totaliter

2395 3640 2768 3707 amiserunt.
2800 3638 2955 3707 Vide
2980 3640 3149 3719 vias,
3200 3637 3468 3704 vallatos
3513 3656 3822 3723 campos,
3849 3641 3942 3706 vi·

2395 3766 2589 3829 neas,
2617 3748 2878 3826 hortos,
2920 3745 3195 3830 plateas,
3225 3746 3439 3825 vicos,
3485 3745 3758 3827 domos,
3790 3748 3849 3812 si
3874 3748 3945 3813 de

2397 3857 2580 3924 bonis
2605 3905 2622 3935 ,
2663 3856 2899 3921 scilicet
2947 3855 3026 3921 de
3063 3854 3348 3921 vestibus
3376 3855 3444 3918 in
3474 3857 3941 3939 conspectibus,

2401 3966 2470 4030 in
2505 3964 2832 4049 colloquiis
2859 3963 3025 4042 suis,
3064 3962 3120 4027 si
3162 3963 3232 4027 in
3271 3962 3408 4027 istis
3448 3963 3805 4029 ostendunt
3844 3964 3949 4029 ho-

2399 4073 2753 4140 nestatem?
2797 4071 2977 4137 Certe
3017 4088 3188 4150 non;
3248 4069 3380 4133 imo
3425 4069 3516 4134 ita
3556 4087 3802 4153 perum
3840 4089 3945 4137 ve·

2399 4181 2828 4248 recundantur
2866 4180 2963 4245 ire
2987 4179 3069 4245 ad
3095 4178 3377 4258 malum,
3407 4177 3575 4242 sicut
3621 4178 3708 4243 ad
3749 4178 3947 4244 eccle-

2404 4290 2585 4355 siam.
2604 4289 2814 4368 Quare
2830 4287 2907 4352 de
2927 4286 3164 4352 talibus
3191 4285 3593 4370 prophetavit
3617 4284 3845 4351 dicens
3862 4286 3943 4348 ¹⁰:

2413 4421 2445 4459 α
2471 4396 2668 4463 Sume
2694 4395 2812 4461 tibi
2828 4412 3099 4460 uxorem
3132 4393 3639 4459 fornicationum
3673 4395 3775 4476 (c),
3808 4415 3842 4455 ι
3868 4394 3950 4458 si-

2409 4504 2722 4587 gnificans
2736 4502 2909 4587 quod
2934 4502 3024 4567 ita
3051 4504 3215 4567 esset
3242 4501 3567 4580 futurum,
3584 4503 3629 4538 ¹¹
3664 4507 3781 4567 «et
3803 4520 3950 4568 vocs

2407 4629 2641 4678 nomen
2661 4614 2801 4697 ejus
2824 4609 3063 4676 Jezrael
3094 4608 3205 4693 (d),
3235 4630 3266 4669 n
3294 4608 3467 4693 quod
3482 4609 3948 4693 interpretatur

2409 4718 2683 4787 visitatio
2713 4741 2729 4783 ε
2763 4716 2914 4802 quia
2943 4736 3140 4802 super
3164 4717 3322 4782 tales
3346 4715 3629 4782 visitabit
3643 4715 3951 4783 Dominus

2413 4825 2769 4892 visitatione
2794 4824 3065 4890 terribili
3085 4846 3103 4904 3
3133 4823 3211 4889 de
3234 4822 3623 4890 verecundia
3650 4824 3942 4890 virorum

2410 4932 2514 4999 vel
2551 4930 2895 4996 muliemm
2915 4977 2938 5010 ,
2977 4930 3057 4996 de
3095 4947 3289 4996 vacca
3314 4947 3497 5009 rasa,
3541 4934 3606 4994 et
3634 4948 3707 4996 se
3730 4948 3951 4997 mons-

2412 5042 2579 5107 trata
2600 5040 2669 5103 ²⁸.

2493 5146 2805 5227 Quartum
2832 5144 3099 5228 signum
3124 5143 3280 5225 erit,
3313 5143 3573 5229 quando
3616 5145 3950 5211 matrimo-

2478 5275 2546 5338 (α)
2599 5271 2745 5339 Vulq.
2793 5271 2961 5333 Quare
3008 5271 3217 5337 respicis
3266 5284 3422 5337 super
3476 5270 3657 5337 iniqua
3682 5236 3949 5337 ¹ugentes?

2418 5347 2546 5397 Lxx
2572 5360 2584 5398 :
2612 5343 2759 5396 Ἶνατί
2781 5344 3048 5399 ἐπιὸλὲπιις
3076 5343 3154 5394 ἐπὶ
3180 5348 3631 5410 καταφρονοῦντας
3649 5371 3712 5381 -
3736 5344 3806 5408 (ὁ)
3830 5344 3947 5396 Get.

2413 5416 2929 5543 ἷζὲιῗὺεοοηιὶοηο.
2948 5440 3012 5452 -
3033 5414 3094 5481 (c)
3124 5416 3245 5467 Item
3271 5415 3614 5471 fornicariam.
3639 5441 3701 5455 -
3727 5416 3809 5483 (d)
3830 5417 3945 5468 [tm
