4059 6317
761 449 1143 518 DOMINICA
1184 446 1342 514 INF.
1385 443 1663 513 OCTAV.
1707 442 2183 511 EPIPHANIAE.
2225 445 2487 512 SERMO
2527 445 2636 513 ΠΙ.
2740 451 2747 456 ’
3203 452 3281 512 81

134 604 257 653 mus
270 585 518 669 pondus
530 584 664 651 diei
679 589 746 651 et
761 588 977 651 assius.
995 606 1027 646 n
1057 583 1138 650 Et
1148 583 1378 648 dicitur
1398 583 1443 662 ¹,
1470 579 1642 663 quod
1750 578 1906 643 bera
1931 578 2291 658 voluntate3
2327 580 2439 645 sed
2465 581 2577 663 qui
2594 580 2855 646 dimittit
2863 581 3120 665 propria
3144 600 3285 647 me-

134 696 190 758 in
220 694 316 758 die
352 693 540 758 tertio
584 710 932 776 suspensus
959 696 1054 757 est
1095 690 1407 772 magister
1447 687 1641 771 pisto·
1752 704 1828 751 ra
1850 687 2198 766 voluntate,
2237 692 2311 751 ut
2335 706 2572 771 pauper
2597 688 2976 772 peregrinus
3000 690 3287 755 Christus

133 819 256 864 rum
273 802 338 863 in
362 817 572 864 cruce.
602 797 728 864 Per
754 817 1042 878 crucem,
1072 795 1473 862 mortificatio
1505 810 1646 858 car-
1755 798 1870 858 est.
1907 791 2085 858 Unde
2108 797 2312 876 potest
2347 794 2553 859 dicere
2583 795 2741 859 illud
2772 796 2794 832 ⁷
2832 815 2851 859 ε
2899 819 2932 858 (ι
2974 796 3287 874 Quoniam

135 909 221 973 nis
256 907 562 991 accipitur
590 908 614 943 ¹
654 929 671 970 ε
710 930 744 968 α
770 907 894 985 Qui
944 909 1164 972 autem
1202 910 1354 970 sunt
1396 902 1645 981 Christi,
1756 899 2022 976 advena,
2046 921 2077 958 n
2112 903 2234 966 etc.
2265 900 2419 965 Item
2447 906 2944 984 perseveranter,
2964 909 3030 969 et
3056 904 3177 969 hoc
3202 905 3289 968 si-

139 1035 368 1081 car-nem
393 1034 579 1080 suam
607 1016 1086 1093 crucifixerunt,
1118 1036 1150 1074 n
1182 1018 1300 1079 etc.
1337 1012 1651 1078 Notantur
1756 1004 2102 1085 gnificatur
2126 1006 2196 1071 in
2226 1009 2673 1074 numerositate
2699 1028 3020 1076 annorum
3032 1014 3291 1076 centnm

137 1129 332 1189 autem
349 1124 474 1188 tria
491 1121 1323 1203 inistahistoriazmagister
1338 1120 1652 1203 pistorum
1759 1111 2047 1193 triginta,
2080 1118 2298 1178 contra
2322 1116 2651 1197 quosdam,
2682 1118 2794 1201 qui
2820 1118 2887 1181 in
2912 1119 3289 1201 peregrina·

140 1233 199 1296 in
218 1249 395 1296 cruce
408 1231 856 1315 suspenditur;
876 1229 1185 1310 magister
1200 1227 1653 1310 pincernarum
1761 1220 1932 1284 tione
1968 1222 2356 1303 paupertatis
2402 1241 2536 1289 non
2579 1225 2715 1289 veri
2755 1229 2906 1293 sunt
2940 1225 3291 1309 peregrini,

143 1340 202 1403 in
228 1340 492 1420 gradum
524 1336 871 1420 pristinum
909 1336 1295 1410 restituitur3
1338 1332 1651 1410 videlicet,
1764 1330 1919 1411 quia
1940 1333 2431 1413 peregrinorum
2475 1334 2754 1400 derectus
2789 1334 3022 1401 habere
3048 1335 3290 1401 nolunt.

144 1445 214 1510 de
252 1463 491 1510 carcere
534 1443 918 1509 extrahitur.
960 1442 1036 1507 In
1077 1441 1310 1525 quibus
1343 1439 1468 1503 tria
1494 1440 1658 1503 circa
1766 1434 2168 1503 Bernardus⁸
2204 1461 2219 1503 :
2252 1462 2282 1501 α
2305 1439 2473 1505 Sunt
2508 1442 2620 1524 qui
2659 1461 2969 1525 pauperes
3001 1461 3138 1508 esse
3182 1461 3298 1508 vo-

145 1553 606 1618 satisfactionem
642 1552 1095 1633 significantur
1125 1572 1142 1613 :
1172 1548 1283 1632 qui
1308 1547 1483 1612 enim
1517 1547 1661 1613 vult
1767 1542 1908 1607 lunt
1928 1592 1946 1623 ‚
1986 1563 2065 1610 eo
2092 1550 2307 1610 tamen
2343 1551 2523 1630 pacto
2544 1597 2562 1629 ,
2593 1553 2667 1613 ut
2697 1548 2858 1613 nihil
2893 1550 2984 1615 eis
3009 1550 3206 1630 desit3
3238 1557 3302 1616 et

147 1661 493 1738 sntisl'acere,
529 1660 719 1724 debet
754 1659 954 1722 vitam
999 1656 1234 1722 malam
1273 1654 1658 1739 relinquere,
1770 1656 1918 1716 sunt
1965 1652 2300 1735 diligentes
2336 1660 2768 1739 paupertatem
2782 1704 2801 1733 ,
2832 1660 2905 1722 ut
2937 1658 3183 1723 nullam
3209 1662 3305 1723 ta-

150 1772 210 1831 et
231 1773 493 1832 veterem
510 1766 844 1831 hominem
872 1782 1024 1829 cum
1050 1764 1294 1828 actibus
1319 1761 1452 1826 suis
1469 1779 1663 1826 exue·
1774 1776 1921 1822 men
1958 1759 2241 1842 inopiam
2289 1763 2633 1844 patiantur.
2672 1784 2704 1824 n
2754 1764 2911 1829 Item
2952 1764 3301 1845 humiliter,

153 1894 218 1939 re
236 1924 252 1955 ,
277 1875 448 1939 etsie
470 1875 550 1940 de
591 1890 845 1939 carcere
888 1871 1167 1949 extrahi3
1216 1871 1402 1935 debet
1433 1886 1666 1952 corpus
1773 1886 1855 1932 ne
1880 1868 2266 1934 extollantur
2296 1893 2311 1933 z
2344 1871 2689 1953 pauperem
2717 1873 2891 1936 enim
2915 1874 2938 1910 ⁸
2970 1875 3307 1956 superbum

157 2002 330 2047 snum
369 1984 778 2062 mortificare,
821 1985 886 2045 et
920 1982 1083 2045 sicut
1120 1979 1430 2060 magister
1471 1978 1663 2060 pisto·
1774 1974 1907 2038 odit
1940 1974 2234 2058 Sapiens;
2266 1980 2330 2041 et
2353 1978 2495 2044 ideo
2534 1978 2639 2043 hic
2676 1980 2827 2045 dicit
2860 2003 2876 2045 :
2913 1985 3108 2064 parvi
3139 1984 3215 2066 (a)
3247 1989 3308 2050 et

161 2092 368 2155 rumin
396 2110 583 2156 eruce
600 2091 902 2174 suspendi
925 2112 940 2153 z
966 2089 1372 2171 Augustinus
1394 2088 1416 2124 ⁸
1446 2108 1463 2150 ε
1496 2110 1528 2148 «ι
1546 2086 1668 2163 Qui
1774 2081 1956 2147 mali.
1987 2082 2146 2146 Ecce
2176 2084 2337 2147 mira
2373 2085 2725 2166 humilitas,
2776 2092 3112 2171 postquam
3157 2108 3305 2153 cen-

163 2204 355 2263 antem
376 2198 676 2263 crucifixi
719 2196 1079 2281 passionem
1117 2195 1530 2272 celebramus,
1560 2211 1668 2258 re-
1777 2189 2061 2253 tenarius
2084 2189 2462 2257 tricenarius
2487 2194 2625 2274 fuit,
2659 2199 2723 2259 et
2745 2194 2881 2260 dies
2908 2215 3060 2262 suos
3081 2216 3313 2279 parvos

166 2307 614 2388 primendarum
631 2303 988 2369 carnalium
999 2303 1404 2385 voluptatum
1417 2318 1668 2366 crucem
1779 2298 2120 2380 reputavit,
2142 2301 2335 2381 juxta
2358 2301 2510 2366 illud
2542 2305 2615 2366 ¹⁰:
2651 2327 2683 2365 α
2700 2304 2859 2369 Cum
2885 2306 3154 2371 feceritis
3180 2325 3315 2372 om-

171 2414 328 2478 nohis
349 2414 672 2478 faciamus.
703 2434 736 2472 n
771 2409 950 2475 Tunc
984 2428 1240 2493 quoque
1268 2410 1528 2492 spiritus
1559 2426 1673 2492 per
1780 2405 1891 2469 nia
1928 2424 2077 2488 quae
2117 2411 2433 2490 praecepta
2459 2414 2612 2474 sunt
2635 2412 2840 2491 vobis,
2871 2413 3056 2478 dicite
3085 2437 3099 2477 :
3134 2413 3316 2480 Servi

176 2519 372 2585 Christi
405 2521 754 2586 revertitur
794 2518 1071 2600 gratiam
1100 2541 1117 2583 ε
1148 2517 1328 2581 etsie
1367 2517 1674 2599 magister
1781 2512 2039 2577 inutiles
2082 2531 2306 2578 sumus
2323 2563 2339 2594 ,
2380 2538 2412 2575 ιο
2447 2519 2566 2580 etc.
2612 2515 2838 2582 Nullus
2880 2537 3038 2602 ergo
3084 2521 3315 2586 Christi

178 2629 608 2710 limum,
633 2627 748 2710 qui
767 2626 1065 2710 spiritum
1085 2625 1426 2707 significat,
1444 2624 1513 2689 in
1531 2643 1677 2705 gra-
1785 2637 2027 2702 pauper
2046 2668 2065 2698 ,
2094 2620 2325 2686 relictis
2350 2623 2452 2686 his
2478 2623 2716 2690 divitiis
2739 2624 2842 2691 vel
2867 2626 3174 2692 divitibus
3202 2646 3315 2711 pa-

181 2736 308 2800 tiam
333 2736 571 2803 Domini
600 2737 937 2819 pristinam
965 2733 1345 2799 restituitur.
1784 2728 2094 2808 rentibus,
2116 2729 2460 2812 superbiat.
2490 2732 2894 2813 Augustinus
2916 2736 2999 2798 ¹¹:
3035 2758 3065 2796 α
3088 2734 3319 2801 Utilius

1785 2837 2039 2899 terrena
2082 2835 2409 2918 opulentia
2445 2838 2776 2905 humiliter
2813 2844 3087 2923 tenetur,
3118 2861 3319 2927 quam

685 2914 977 2985 SERMO
1017 2914 1133 2982 ΠῙ·
1787 2942 2059 3025 superbe
2080 2942 2503 3027 relinquatur.

248 3059 378 3128 Post
399 3060 688 3128 mmmm
706 3061 1091 3126 invenerunt
1109 3058 1156 3136 ⁸,
1186 3059 1306 3122 etc.
1326 3055 1444 3120 Hic
1465 3056 1681 3121 dicen-
1869 3049 2197 3115 Secundus
2240 3050 2372 3115 dies
2414 3054 2841 3122 continentias.
2864 3056 3203 3134 ,psalmista
3227 3061 3274 3103 ¹³
3302 3082 3318 3125 t

187 3168 717 3235 dnmestdetriduo
726 3165 1262 3251 proficiscentium
1278 3163 1415 3230 sive
1426 3162 1684 3244 religio-
1800 3155 2243 3222 «obumbrasti
2258 3164 2649 3243 supercaput
2665 3180 2882 3228 meum
2902 3165 2971 3228 in
2990 3165 3090 3230 die
3104 3166 3275 3231 belli.
3292 3189 3324 3229 n

188 3293 402 3356 sorum,
427 3280 564 3359 post
587 3275 764 3359 qnod
788 3273 971 3340 Iesus
999 3273 1192 3337 etiam
1219 3272 1568 3336 invenitur.
1597 3271 1684 3335 De
1792 3264 2268 3331 Continentibus
2293 3268 2464 3332 enim
2495 3270 2852 3336 maximum
2878 3273 3170 3340 imminet
3197 3275 3328 3341 bel-
3406 3284 3558 3358 Corqu-

187 3380 292 3446 hoc
307 3401 451 3465 ergo
471 3384 691 3449 triduo
716 3382 952 3447 dicitur
968 3382 991 3416 ⁸
1019 3398 1039 3443 ε
1074 3403 1105 3442 ι
1129 3379 1431 3444 Misereor
1451 3378 1683 3459 turbae,
1789 3370 1951 3434 lum.
1984 3371 2095 3436 Est
2122 3378 2337 3437 autem
2369 3374 2605 3457 triplex
2642 3378 3067 3445 continentia:
3098 3389 3326 3465 corpo-
3373 3353 3548 3466 ἒῗζιῗζ.

189 3489 320 3570 quia
343 3492 539 3556 triduo
558 3494 698 3574 jam
737 3493 1149 3573 perseverant
1180 3505 1468 3552 mecum:
1503 3510 1535 3546 »
1564 3486 1688 3551 hoc
1793 3478 1966 3557 ralis,
1988 3480 2303 3560 mentalis,
2325 3483 2654 3549 sensualis.
2677 3485 2751 3549 In
2771 3489 3079 3569 corporali
3102 3490 3324 3557 obum-

9 3561 14 3718 ι
189 3600 270 3658 est
289 3597 556 3661 triduum
580 3596 904 3679 regularis
927 3595 1350 3661 observantiae
1375 3612 1490 3677 per
1516 3593 1688 3677 quod
1793 3585 2018 3651 bratur
2053 3587 2271 3668 home,
2311 3589 2577 3654 sednon
2603 3606 2795 3675 super
2818 3601 3035 3676 caput,
3064 3596 3224 3662 dum
3247 3598 3330 3662 ab

13 3725 14 3730 ¹
190 3702 246 3766 in
279 3705 504 3771 deserto
543 3705 876 3787 religionis
913 3709 1154 3786 septem
1187 3702 1457 3785 panibus
1490 3701 1688 3785 septi·
1796 3698 1959 3759 aestu
1989 3696 2509 3778 concupiscentiae
2551 3701 2831 3766 continet
2879 3705 3288 3785 corporaliter
3310 3753 3328 3784 ,

191 3811 386 3877 formis
410 3816 621 3895 gratiae
645 3814 923 3896 Spiritus
949 3812 1148 3876 sancti
1167 3811 1566 3876 reficiuntur.
1795 3803 1906 3867 sed
1933 3821 2067 3867 non
2091 3802 2471 3871 mentaliter.
2514 3805 2588 3870 In
2633 3809 2890 3874 mentali
2932 3811 3335 3880 obumbratur

19 3973 20 4006 3
258 3917 490 3986 Primus
511 3939 674 4004 ergo
700 3920 836 3985 dies
858 3920 1060 4002 hujus
1083 3918 1281 3984 tridui
1308 3923 1403 3983 est
1427 3935 1694 4002 pauper·
1794 3910 1992 3975 homo
2016 3914 2081 3975 et
2105 3926 2297 3994 super
2323 3918 2535 3995 caput,
2568 3914 2680 3997 qui
2709 3933 2841 3980 non
2869 3916 3075 3982 solum
3103 3937 3334 4003 corpo-

21 4035 22 4106 γ
195 4028 276 4090 tas
304 4027 670 4094 voluntaria.
701 4028 724 4062 ⁸
753 4050 788 4089 ι
814 4026 956 4092 Dies
974 4025 1511 4109 peregrinationis
1537 4025 1691 4090 vitae
1796 4035 1898 4097 re,
1928 4018 2041 4082 sed
2075 4022 2286 4084 mente
2320 4025 2385 4084 et
2429 4021 2754 4088 voluntate
2789 4024 3114 4091 continet:
3144 4030 3335 4110 caput

199 4149 332 4200 ω
355 4140 598 4201 eentum
623 4134 897 4216 triginta
921 4150 1241 4197 annorum
1270 4132 1453 4216 parvi
1479 4135 1545 4197 et
1564 4150 1694 4196 ma·
1796 4126 1972 4192 enim
1996 4126 2229 4191 animae
2262 4146 2441 4193 mens
2468 4132 2581 4195 est.
2609 4129 2683 4195 In
2710 4149 2903 4198 sensu
2927 4151 3083 4200 vero
3109 4134 3334 4202 obum-

199 4237 253 4302 li.
276 4264 305 4300 ι
331 4242 470 4308 Dies
507 4240 1045 4328 peregrinationis
1083 4244 1179 4305 est
1204 4243 1433 4305 votum
1472 4239 1694 4305 volun-
1799 4234 2019 4300 bratur
2065 4232 2262 4298 homo
2308 4251 2442 4299 non
2477 4234 2684 4301 solnm
2721 4253 2917 4320 super
2953 4245 3164 4322 caput,
3223 4242 3335 4305 sed

202 4348 350 4414 luia
376 4350 799 4434 paupertatis:
826 4351 1165 4432 paupertas
1200 4347 1373 4411 enim
1399 4346 1545 4411 facit
1568 4346 1693 4411 ho-
1798 4341 1990 4405 etiam
2030 4341 2107 4406 in
2149 4340 2257 4408 die
2299 4341 2487 4424 belli,
2517 4344 2629 4427 qui
2653 4363 2785 4410 non
2811 4346 3017 4412 solum
3054 4348 3124 4411 in
3163 4352 3331 4427 actu,

205 4455 376 4521 mnes
403 4475 538 4521 esse
571 4455 969 4540 peregrinos.
1001 4451 1458 4535 significantur
1478 4457 1695 4519 autem
1799 4466 2007 4532 neque
2036 4448 2108 4512 in
2132 4449 2384 4529 affectu,
2412 4451 2525 4515 sed
2546 4450 2737 4516 etiam
2767 4452 2838 4516 in
2862 4454 3027 4534 visu,
3059 4465 3121 4519 et
3151 4455 3333 4521 audi-

206 4559 288 4625 liic
307 4568 428 4629 tres
451 4564 833 4629 conditiones
841 4562 1369 4645 paupertatisviri
1387 4562 1692 4644 religiosi.
1800 4558 1895 4634 tu,
1926 4559 1989 4620 et
2004 4556 2146 4620 aliis
2171 4556 2461 4621 sensibus
2485 4562 2697 4624 castus
2721 4564 2838 4624 est.
2861 4559 3137 4626 Maxime
3160 4563 3331 4627 enim

157 4663 368 4747 ‚fllehet
403 4670 576 4734 enim
619 4688 758 4734 esse
797 4685 1042 4751 pauper
1064 4668 1364 4748 libenter,
1394 4686 1693 4752 perseve-
1801 4667 2022 4728 contra
2046 4682 2306 4730 sensum
2330 4665 2622 4730 imminet
2646 4667 2909 4732 bellum.
2940 4667 3117 4735 Unde
3148 4671 3333 4753 pauci

125 4750 188 4810 '³7'
207 4780 406 4855 muter,
431 4776 776 4841 humiliter.
805 4774 1103 4840 Libenter
1129 4779 1192 4839 et
1207 4775 1566 4841 voluntarie
1596 4782 1699 4842 :et
1802 4776 1952 4837 sunt
1978 4772 2092 4855 qui
2118 4789 2344 4838 sensus
2368 4791 2520 4838 suos
2545 4780 2714 4840 caste
2739 4776 3094 4842 custodiant
3116 4782 3181 4843 et
3202 4779 3340 4843 vin-

207 4878 322 4945 ideo
341 4883 484 4947 dicit
507 4884 1069 4968 mmmmm,
1097 4901 1229 4947 non
1255 4882 1407 4949 dicit
1431 4884 1700 4966 proscri-
1803 4884 1969 4944 cant.
1999 4878 2131 4945 Hoc
2147 4885 2351 4964 potest
2366 4882 2774 4964 essebellum,
2795 4884 2874 4950 de
2891 4903 3021 4969 quo
3034 4888 3120 4951 ¹⁸:
3145 4910 3177 4949 c
3199 4884 3342 4952 Non

209 4989 407 5066 ptionis
427 4990 536 5056 vel
559 4992 726 5056 exilii
739 5040 757 5072 ,
793 5009 944 5074 quae
982 4991 1176 5055 homo
1200 4990 1404 5055 invite
1434 4991 1695 5073 patitur.
1804 4988 2262 5069 concupiscatis
2287 4989 2505 5072 spolia,
2534 4991 2688 5073 quia
2711 4991 2951 5058 bellum
2978 4997 3197 5059 contra
3221 5013 3340 5059 nos

211 5090 364 5159 Tales
385 5099 554 5162 enim
579 5117 701 5164 non
732 5102 957 5182 sponte
988 5097 1316 5162 dimittunt
1339 5098 1596 5180 propria
1615 5098 1701 5162 li-
1807 5098 1923 5158 est.
1954 5115 1986 5152 1>
2019 5092 2303 5159 Mirabile
2326 5100 2424 5160 est
2449 5097 2615 5180 quod
2647 5097 2863 5178 sudas,
2891 5100 3005 5182 qui
3030 5102 3211 5166 toties
3238 5103 3336 5168 vi-

269 5221 281 5247 ι
333 5237 336 5238 ⁷
696 5250 751 5260 -
785 5223 810 5257 s
1189 5247 1243 5258 -
1273 5221 1293 5251 ⁸
1630 5223 1641 5234 ‘

223 5220 765 5427 «ῑὲἓέἑῖἱὲῗ-έξς
793 5222 1705 5428 maffia?
1809 5266 2122 5397 w·-
2148 5264 2187 5299 ¹¹
2211 5265 2422 5329 Μ·-
2447 5266 2646 5317 ¹²¹'⁸“²·
2669 5271 3339 5336 ⁰¹¹³“’⁸·¹'¹²¹⁰⁶'‘··-

231 5444 414 5499 xmm,
439 5439 515 5489 ¹3.
544 5463 601 5474 -
628 5439 646 5467 ⁸
673 5439 827 5488 Bern-
855 5463 919 5473 —
943 5438 962 5468 ⁹
990 5436 1168 5499 Eccli„
1192 5449 1311 5499 xxxi,
1338 5440 1388 5488 4.
1415 5465 1475 5476 -
1503 5440 1543 5474 ¹⁰
1568 5440 1705 5502 Luc„
1875 5436 1948 5500 (a)
1977 5437 2099 5488 coet.
2130 5436 2251 5487 edit.
2277 5438 2502 5500 parvuli.

470 5543 619 5590 ron.
658 5544 796 5590 xm.
3027 5539 3067 5599 6
