4059 6317
929 506 1310 575 DOMINICA
1349 505 1430 573 IN
1471 501 1784 571 OCTAVA
1826 500 2180 569 PASCHAE.
2230 503 2494 570 SERMO
2536 505 2614 570 Il.

196 657 354 719 cem,
380 642 544 709 sieta
561 639 794 721 {ditem
817 657 928 709 vos
959 660 983 707 .·
1023 642 1176 726 quia
1205 642 1419 724 maius
1444 640 1709 722 signum

195 747 524 813 dilectionis
548 765 679 813 non
711 749 920 831 potuit
947 747 1135 813 nobis
1171 746 1323 813 dare
1337 797 1359 827 ,
1397 763 1593 830 quam
1635 749 1711 810 ut

194 872 304 937 pro
326 855 502 920 nobis
526 856 810 920 animam
847 873 1032 920 suam
1073 858 1358 939 poneret.
1394 854 1518 919 Sed
1557 852 1711 938 quia

193 961 435 1043 signum
456 961 593 1028 veri
610 962 904 1045 discipuli
932 962 1240 1027 imitantis
1267 961 1586 1027 Christum
1616 965 1711 1027 est

192 1071 618 1136 confoederatio
632 1070 853 1136 nimiae
875 1071 1251 1151 dilectionis,
1270 1070 1413 1135 ideo
1436 1068 1706 1134 addidit:

191 1179 266 1244 In
282 1178 384 1246 hoc
407 1184 780 1262 comosum
803 1194 1017 1246 omnes
1034 1180 1214 1261 ,quia
1243 1180 1372 1245 mei
1389 1176 1708 1260 discipuli

191 1287 387 1367 αἰτία,
407 1288 470 1353 si
481 1285 892 1354 dilectionem
913 1285 1303 1353 adinvicem
1324 1285 1705 1352 habueritis.

193 1394 337 1460 illud
358 1394 617 1479 quidem
654 1395 1025 1459 mandatum
1039 1442 1064 1473 ,
1094 1393 1229 1458 sive
1269 1396 1661 1477 praeceptum
1689 1440 1708 1472 ,

191 1502 328 1568 adeo
349 1502 655 1569 Dominus
680 1503 760 1568 de
783 1520 958 1568 novo
1003 1501 1321 1579 firmavit,
1362 1506 1437 1565 ut
1466 1499 1714 1565 ratione

191 1626 314 1674 suae
333 1611 539 1676 flrmae
566 1609 977 1693 obligationis
1006 1627 1157 1675 cum
1186 1608 1367 1674 nullo
1391 1607 1713 1691 dispense-

191 1719 305 1782 tur.
330 1716 506 1783 Unde
535 1716 901 1782 Bernardns
927 1716 972 1795 ¹,
1002 1716 1074 1779 in
1098 1714 1287 1780 tertio
1311 1714 1392 1781 de
1421 1714 1715 1782 consido·

193 1827 454 1903 ratione,
499 1826 655 1890 dicit
698 1823 870 1908 quod
910 1823 1075 1888 ratio
1121 1821 1605 1906 dispensationis
1645 1822 1715 1886 in

194 1934 500 2017 praeceptis
524 1937 622 2008 est
642 1933 907 1998 evidens
929 1930 1270 1996 necessitas
1292 1930 1397 1996 vel
1424 1948 1718 1995 commu-

193 2039 286 2104 nis
311 2040 587 2105 utilitas:
632 2062 664 2100 α
687 2038 810 2103 Ubi
848 2042 1065 2103 autem
1100 2037 1440 2103 necomitas
1481 2040 1711 2119 urget,

196 2147 551 2231 dispensatio
577 2150 675 2212 est
713 2143 1120 2211 excusabilis.
1148 2164 1180 2204 n
1216 2143 1375 2209 Cum
1411 2161 1569 2224 ergo
1596 2143 1713 2208 ha-

195 2255 334 2322 bere
354 2257 572 2322 odium
606 2255 773 2320 nulli
803 2254 887 2319 sit
922 2253 1114 2330 utile,
1159 2253 1269 2317 sed
1303 2252 1612 2318 nocivum
1653 2255 1718 2318 et

198 2363 441 2429 mortale
465 2367 798 2447 peccatum
811 2410 831 2442 ,
858 2378 980 2426 nec
1021 2377 1311 2443 unquam
1345 2359 1416 2423 in
1450 2358 1717 2424 veritate

200 2471 268 2536 de
288 2470 624 2553 diligendis
647 2468 927 2534 inimicis
949 2517 966 2547 ‚
1001 2470 1264 2550 propter
1290 2464 1570 2549 aliquam
1598 2485 1712 2532 ne·-

200 2580 529 2645 ceaeitatem
550 2626 567 2656 ,
610 2582 817 2662 potest
861 2576 1090 2660 aliquis
1126 2593 1196 2640 se
1237 2592 1544 2641 excusare
1563 2624 1581 2655 ‚
1615 2593 1715 2640 se·

200 2685 462 2751 cundum
497 2685 762 2750 beatum
803 2682 1323 2765 Augustinum¹z
1367 2705 1398 2744 ι
1426 2680 1548 2759 Qui
1588 2699 1717 2747 non

203 2798 448 2874 generat
462 2792 654 2876 capiti
672 2791 1088 2873 vertiginem,
1103 2806 1237 2854 non
1254 2788 1562 2869 dolorem,
1586 2809 1719 2855 non

202 2899 504 2965 stomacho
522 2898 877 2964 tersionem
890 2897 997 2963 vel
1009 2896 1557 2980 constipationem,
1582 2897 1719 2961 sive

202 3004 459 3088 aliquam
484 3008 850 3090 passionem
868 3053 891 3083 ,
921 3020 1052 3069 non
1099 3004 1383 3088 corporis
1425 3004 1715 3069 debilita-

204 3114 335 3191 tem,
359 3113 524 3178 sicut
548 3112 712 3177 forte
735 3112 967 3176 faceret
988 3110 1217 3193 vigilia
1242 3110 1345 3176 vel
1366 3111 1714 3194 jejunium,

202 3237 318 3285 non
355 3219 598 3286 inducit
627 3222 979 3302 egestatem
998 3267 1016 3300 ‚
1062 3219 1226 3285 sicut
1270 3223 1479 3302 posset
1515 3220 1720 3285 facere

203 3327 650 3393 abrenuntiatio
677 3325 1021 3392 mundanae
1066 3326 1499 3410 prosperitatis
1531 3347 1547 3391 :
1578 3325 1720 3390 ideo

202 3453 317 3500 nou
340 3435 463 3500 fuit
486 3435 871 3501 conveniens
896 3438 971 3498 ut
991 3452 1139 3498 cum
1163 3433 1378 3517 aliquo
1404 3435 1722 3517 dispensa-

201 3546 386 3622 retur,
405 3542 514 3607 sed
530 3560 752 3608 omnes
765 3545 1062 3605 tenemur
1075 3541 1352 3607 invicem
1369 3541 1663 3623 diligere.
1681 3562 1713 3602 ι

202 3647 404 3715 Tertio
426 3650 495 3715 in
517 3647 843 3732 discipulo.
858 3647 1088 3714 Christi
1117 3665 1256 3713 esse
1284 3647 1471 3714 debet
1495 3667 1720 3733 perpe-

202 3759 386 3823 tuatio
431 3757 640 3822 finalis
689 3756 1180 3840 perseverantiae
1204 3804 1229 3835 ,
1286 3760 1571 3838 respectu
1620 3759 1722 3820 in-

203 3862 394 3929 choati
414 3865 567 3929 boni
590 3862 1025 3930 continuandi.
1052 3863 1131 3929 Et
1152 3862 1231 3928 de
1254 3863 1377 3928 hoc
1403 3862 1632 3928 dicitur
1652 3865 1717 3929 ³·

213 3969 313 4035 ‹Si
335 3970 696 4037 manseritis
724 3971 796 4035 in
825 3988 971 4035 meo
996 3986 1291 4035 sermone
1308 4018 1330 4050 ,
1360 3988 1514 4035 vere
1538 3970 1722 4035 disci·

206 4079 326 4160 puli
344 4081 474 4146 mei
502 4079 656 4145 estis
676 4082 775 4144 :et
799 4096 915 4145 vos
940 4077 1335 4160 cognoscetis
1362 4078 1719 4157 veritatem,

207 4191 262 4252 et
284 4189 512 4253 veritas
525 4187 821 4253 liberabit
844 4204 982 4252 vos.
1010 4208 1043 4247 1>
1076 4185 1187 4253 llle
1208 4205 1402 4253 verus
1429 4192 1526 4253 est
1548 4188 1724 4254 disci-

207 4293 379 4376 pulus
424 4294 657 4361 Christi
673 4343 692 4374 ‚
741 4294 856 4377 qni
907 4312 1158 4378 semper
1203 4299 1421 4360 manet
1468 4296 1538 4359 in
1581 4299 1725 4380 ejus

208 4398 474 4467 doctrina
506 4405 573 4467 et
611 4418 906 4466 sermone
920 4449 941 4479 ‚
982 4419 1100 4467 nec
1125 4420 1416 4486 unquam
1443 4421 1557 4487 per
1601 4404 1721 4468 ali-

209 4524 385 4589 quam
407 4508 824 4574 tentationem
869 4510 1197 4590 separatur
1225 4508 1309 4574 ab
1347 4511 1489 4592 ejus
1523 4511 1722 4577 dilec-

210 4612 362 4680 tione
376 4663 398 4696 ,
428 4633 549 4681 nec
572 4631 864 4698 unquam
893 4613 1277 4697 quibuslibet
1304 4616 1554 4682 damnis
1567 4665 1589 4697 ‚
1620 4636 1727 4701 op-

211 4721 504 4803 probriis,
532 4725 598 4787 et
630 4720 957 4805 suppliciis
992 4721 1213 4801 illatis,
1244 4728 1447 4788 cessat
1476 4725 1558 4789 ab
1585 4727 1727 4808 ejus

213 4829 469 4893 nominis
493 4828 883 4894 consessione
898 4876 916 4907 ‚
955 4829 1109 4912 quia
1142 4833 1296 4895 tunc
1322 4836 1605 4898 meretur
1645 4833 1727 4897 il-

213 4930 494 5002 luminari
542 4955 585 5002 a
638 4936 846 5021 prima
886 4936 1172 5002 veritate.
1214 4936 1292 5002 Et
1334 4937 1414 5003 de
1469 4938 1593 5004 hoc
1631 4943 1727 5005 est

213 5042 366 5122 quod
389 5044 541 5111 dicit
566 5066 584 5109 ι
621 5044 1014 5127 coquamus
1038 5045 1365 5112 veritatem
1388 5093 1408 5125 ‚
1439 5047 1726 5129 adjuvati

215 5165 252 5211 a
270 5149 476 5217 divina
511 5153 751 5219 virtute
768 5198 790 5231 ‚
834 5150 965 5216 sive
1005 5154 1346 5235 potestate;
1394 5158 1458 5218 et
1481 5155 1609 5220 hoc
1632 5161 1729 5220 est

219 5258 370 5338 quod
389 5261 604 5327 subdit
644 5278 662 5324 ε
700 5258 954 5326 Veritas
978 5258 1266 5329 liberabit
1302 5276 1414 5329 vos
1441 5262 1524 5326 ab
1550 5263 1728 5328 omni

277 5419 480 5488 man„
504 5423 574 5474 de
598 5420 826 5484 Comici„
852 5419 940 5473 lib.
972 5423 1060 5486 ln,
1085 5435 1138 5473 c.
1166 5433 1241 5485 iv,
1264 5436 1319 5474 n.
1350 5426 1426 5475 ¹8.
1463 5448 1526 5463 --
1553 5424 1572 5455 ³
1598 5426 1726 5491 Aug.

227 5510 274 5527 -
306 5491 328 5527 ³
351 5495 506 5560 lm,
534 5506 662 5560 vm,
692 5495 772 5546 36.
805 5518 868 5535 -
894 5494 911 5525 ⁴
939 5494 1079 5559 Sap„
1111 5504 1242 5559 1111,
1272 5497 1321 5548 5.
1353 5522 1408 5534 -
1446 5496 1470 5532 ⁸
1494 5496 1649 5560 Rem„
1687 5509 1725 5561 1,

3240 504 3373 569 283

1813 637 2253 704 adversitate:
2303 643 2368 704 et
2394 639 2816 706 nihilominus
2856 642 3141 706 meretur
3185 655 3361 793 prae-

1815 745 2002 810 miari
2026 745 2111 811 ab
2137 745 2259 811 ista
2284 746 2640 813 dilectione.
3374 772 3383 781 ·

1896 852 2189 918 Secundo
2218 853 2508 937 sequitur
2529 856 2975 940 contemplatio
2996 855 3233 921 divinae
3253 872 3383 921 ve··

1816 959 2020 1025 ritatis
2036 1007 2053 1037 ,
2083 978 2231 1025 cum
2269 962 2604 1028 subditur:
2646 963 2800 1031 Viso
2848 964 3140 1032 Domino.
3170 962 3362 1030 Vide-

1816 1071 2001 1147 runt,
2022 1067 2160 1132 sive
2183 1070 2588 1151 contemplati
2604 1074 2759 1136 sunt
2785 1072 3049 1156 apostoli
3071 1072 3358 1136 divinam

1818 1178 2217 1258 majestatem
2252 1176 2483 1260 triplici
2513 1179 2722 1245 modo.
2755 1179 2916 1246 Nam
2947 1180 3155 1263 primo
3179 1178 3359 1246 vide-

1817 1287 1970 1347 runt
1994 1285 2066 1347 in
2111 1284 2434 1349 mundana
2478 1289 2770 1352 creatura
2816 1287 3159 1354 Dominum
3201 1286 3364 1350 emi-

1817 1395 2077 1456 nentem
2141 1393 2671 1475 proprietatibus3
2732 1395 3010 1460 secundo
3065 1394 3366 1461 viderunt

1821 1497 2163 1564 Dominum
2181 1499 2248 1564 in
2269 1501 2529 1584 propria
2549 1505 2880 1586 assumpta
2896 1506 3135 1567 natura'
3151 1518 3360 1565 resur-
3382 1524 3389 1539 ¹

1821 1611 2083 1688 gentem
2137 1626 2289 1673 cum
2343 1609 2772 1690 cicatricibus3
2829 1610 3017 1675 tertio
3060 1609 3364 1676 viderunt

1818 1715 2166 1781 Dominum
2192 1716 2258 1780 in
2287 1717 2543 1800 propria
2570 1718 2953 1783 conscientia
2981 1721 3366 1799 regnantem

1818 1822 1886 1886 in
1906 1822 2290 1888 coelestibus.
2321 1822 2442 1889 Per
2468 1825 2745 1907 primam
2768 1826 3075 1890 visionem
3103 1827 3367 1909 (appro-

1818 1931 2022 2013 priate
2069 1928 2428 2013 loquendo)
2474 1930 2819 1996 illuminati
2861 1932 3122 1997 fuerunt
3156 1930 3364 2014 aenig-

1820 2038 2054 2101 matica
2080 2037 2445 2119 cognitione
2462 2086 2482 2119 ,
2523 2038 2602 2102 ad
2644 2038 3127 2120 intelligendam
3158 2039 3242 2122 (a)
3267 2038 3367 2104 di·

1819 2145 2044 2210 vinam
2089 2146 2438 2229 potentiam
2466 2164 2603 2210 esse
2647 2147 2942 2212 omnium
2969 2146 3363 2212 creatricem.

1822 2249 1944 2317 Per
1970 2253 2319 2319 secundam
2347 2254 2663 2320 visionem
2703 2253 3050 2345 illuminati
3080 2262 3143 2318 et
3168 2253 3365 2319 infor-

1824 2362 1982 2425 mati
2022 2362 2286 2427 fuerunt
2331 2363 2579 2428 interna
2619 2362 3009 2429 revelatione
3031 2411 3050 2443 ,
3102 2362 3183 2427 ad
3229 2380 3367 2427 cre-

1822 2468 2103 2533 dendum
2118 2468 2402 2534 divinam
2420 2469 2793 2553 sapientiam
2809 2488 2946 2534 esse
2962 2469 3255 2535 omnium
3273 2486 3370 2533 re-

1824 2575 2205 2659 paratricem
2218 2624 2234 2641 .
2289 2576 2409 2642 Per
2471 2578 2725 2643 tertiam
2770 2577 3085 2642 visionem
3144 2577 3372 2643 elevati

1824 2683 2086 2747 fuerunt
2121 2683 2535 2748 ecclesiastica
2571 2684 2903 2750 dilectione
2924 2733 2943 2764 ‚
2974 2684 3055 2749 ad
3090 2684 3369 2766 diligen-

1825 2792 1982 2857 dum
2023 2791 2109 2874 (b)
2146 2790 2431 2856 divinam
2463 2792 2865 2857 clementiam
2906 2810 3043 2858 esse
3079 2794 3371 2858 omnium

1827 2899 2415 2964 remuneratricem.
2459 2898 2675 2965 Primo
2699 2900 3004 2965 viderunt
3030 2898 3372 2965 Dominum

1828 3005 2145 3071 Christum
2180 3005 2537 3071 Creatorem
2565 3008 2634 3071 in
2664 3008 3007 3073 mundana.
3033 3010 3325 3073 creatura
3350 3055 3369 3087 ‚

1826 3113 2217 3178 eminentem
2254 3114 2767 3197 proprietatibus.
2810 3113 2890 3179 Et
2937 3113 3015 3179 de
3053 3114 3178 3180 hoc
3223 3113 3374 3179 dici-

1829 3225 1940 3286 tur
1966 3222 1987 3256 ⁸
2021 3244 2037 3286 :
2071 3244 2102 3283 ι
2136 3220 2193 3285 Α
2218 3221 2666 3304 magnitudine
2709 3221 2884 3286 enim
2928 3221 3161 3304 speciei
3196 3238 3372 3286 crea-

1828 3332 1998 3393 turae
2025 3328 2539 3410 cognoscibiliter
2566 3332 2816 3411 poterat
2852 3329 3109 3394 Creator
3138 3328 3375 3393 horum

1831 3435 2057 3500 videri.
2094 3456 2126 3495 1)
2171 3434 2477 3501 Videmus
2523 3435 2697 3500 enim
2738 3441 2761 3476 ⁸
2802 3457 2833 3495 (ι
2878 3435 3225 3501 invisibilia
3265 3436 3377 3502 Dei

1832 3561 1947 3626 per
1971 3561 2049 3607 ea
2091 3561 2240 3626 quae
2292 3543 2456 3608 tacta
2499 3547 2684 3624 sunt,
2714 3566 2746 3605 υ
2781 3563 2930 3610 cum
2963 3545 3293 3611 elevamur
3339 3564 3379 3611 a

1831 3651 2207 3734 cognitione
2249 3656 2561 3716 creaturas
2600 3652 2682 3717 ad
2741 3652 3175 3733 cognitionem
3223 3652 3373 3731 Dei,

1831 3758 2017 3841 quasi
2046 3775 2159 3840 per
2203 3756 2439 3822 scalam
2481 3757 2800 3837 mediam,
2831 3760 3183 3825 seeundum
3223 3759 3376 3825 Ber-

1832 3866 2104 3931 nardum
2128 3863 2199 3903 ⁸·
2185 3865 2614 3946 ‚magnitudo
2652 3867 2827 3931 enim
2865 3870 2928 3932 et
2969 3866 3378 3950 pulchritudo

1832 3975 2147 4038 creaturae
2183 3972 2412 4037 clamat
2456 3972 2973 4055 magnitudinem
3006 3976 3070 4039 et
3105 3973 3378 4058 speciem

1833 4082 2171 4146 Creatoris.
2201 4077 2363 4146 Nam
2393 4079 2703 4163 sapientia
2727 4080 2987 4145 artificis
3011 4082 3376 4147 manifesta-

1835 4189 1984 4254 tur
1967 4208 2039 4253 111
2067 4205 2292 4272 opere,
2322 4190 2387 4252 et
2410 4186 2697 4252 relucet
2679 4206 2749 4252 111
2774 4182 3025 4253 effectu.
3058 4186 3238 4254 Unde
3263 4187 3381 4254 Da·

1834 4296 1944 4360 vid
1970 4303 2042 4339 ⁷·
2028 4318 2114 4359 .«
2138 4294 2290 4360 Coeli
2341 4298 2643 4360 enarrant
2686 4294 2960 4376 gloriam
3005 4296 3147 4376 Dei,
3186 4316 3218 4356 n
3247 4313 3381 4360 non

1834 4420 2012 4483 voce,
2044 4420 2193 4485 qnae
2222 4402 2492 4467 auribus
2510 4400 2807 4466 audiatur
2817 4402 3249 4483 sensibilibus;
3271 4403 3382 4469 sed

1832 4529 1918 4575 ex
1947 4509 2203 4593 propria
2242 4508 2694 4591 magnitudine
2738 4507 3088 4574 Conditoris
3112 4509 3383 4575 virtutes

1834 4616 2258 4682 ostenduntur
2290 4636 2307 4681 ε
2352 4632 2632 4698 quorum
2675 4614 3213 4699 pulchritudinem
3262 4634 3378 4681 ex-

1835 4726 2190 4807 cogitantes
2210 4771 2227 4802 ,
2255 4724 2560 4789 factorem
2606 4722 2774 4788 sicut
2819 4724 3137 4806 optimum
3179 4724 3381 4789 artifi-

1834 4847 1975 4895 cem
2002 4829 2404 4895 admiramur
2430 4829 2493 4891 et
2520 4826 2981 4909 glorificamus.
3014 4826 3093 4891 Et
3123 4831 3383 4910 propter

1836 4941 1960 5005 hoc
2011 4957 2144 5005 non
2211 4942 2306 5004 est
2369 4938 2724 5004 sistendum
2781 4937 2850 5002 in
2907 4936 3383 5021 pulchritudine

1836 5050 2145 5112 creaturoe
2159 5093 2181 5126 ‚
2235 5046 2343 5110 sed
2394 5063 2510 5130 per
2553 5063 2695 5109 eam
2743 5048 2841 5110 est
2879 5044 3270 5110 tendendum
3311 5046 3383 5110 in

1835 5172 2025 5219 suum
2046 5154 2404 5220 Creatorem
2427 5171 2446 5232 ;
2471 5150 2756 5236 alioquin
2775 5152 3010 5217 faceret
3026 5151 3105 5216 dc
3124 5151 3233 5217 via
3258 5155 3383 5217 ter·

1837 5327 1918 5375 20.
1936 5350 1997 5362 -
2019 5324 2238 5447 {Beruq
2264 5322 2324 5373 de
2352 5321 2576 5384 consid„
2603 5321 2693 5373 lib.
2726 5323 2791 5388 V,
2817 5335 2863 5373 c.
2895 5333 2933 5385 1,
2959 5334 3013 5372 n.
3039 5324 3087 5373 1.
3112 5347 3173 5360 —
3194 5321 3218 5358 '¹
3245 5320 3379 5375 reat.

1837 5407 1992 5461 xvm,
2055 5435 2069 5448 .

1901 5496 1971 5561 (a)
2003 5495 2125 5562 [ις.
2149 5492 2555 5560 inungendum.
2585 5493 3193 5561 -<⁶›1.09.vi‹10udum.
