4059 6317
657 475 778 537 4⁸1⁴

654 606 783 674 viri
816 630 833 674 2
862 609 1092 695 Diriqe
1119 626 1252 690 me,
1292 627 1410 694 per
1440 623 1701 673 omnem
1742 604 1980 671 erroris
2020 621 2199 669 amo-

655 715 917 791 tionem.
952 715 1113 782 Nam
1134 717 1240 782 ille
1255 718 1420 782 bene
1443 714 1772 797 dirigitur,
1803 713 1914 796 qui
1935 729 2197 777 omnem

654 841 961 905 errorem,
990 829 1124 890 tam
1150 824 1506 890 intellectus
1531 822 1604 886 in
1632 820 1965 897 credendo,
1995 836 2197 903 quam

654 932 920 999 affectus
968 934 1039 998 in
1077 931 1406 1016 diligendo
1426 980 1445 1009 ,
1492 935 1555 996 01
1598 929 1790 994 etiam
1834 927 2100 992 effectus
2128 930 2197 993 in

654 1042 997 1124 operando,
1029 1060 1069 1106 a
1096 1060 1166 1106 se
1190 1039 1491 1106 excludit.
1528 1039 1608 1104 In
1632 1038 1899 1104 veritate
1914 1040 2050 1106 tua.
2084 1054 2199 1119 per

654 1149 856 1215 divini
885 1149 1238 1233 splendoris
1265 1148 1650 1212 infusionem
1666 1194 1684 1223 ,
1722 1147 1798 1209 ut
1832 1147 2048 1208 amota
2072 1145 2195 1227 pri·

655 1258 912 1323 vatione
939 1256 1173 1322 erroris
1217 1255 1383 1321 devii
1397 1303 1418 1333 ,
1465 1253 1906 1317 introducatur
1937 1251 2197 1316 habitus

654 1364 910 1430 virtutis
935 1364 1104 1429 fidei.
1137 1363 1316 1429 Unde
1337 1361 1559 1428 divina
1575 1361 1811 1425 veritas
1830 1359 1995 1423 nihil
2020 1358 2196 1424 aliud

654 1476 772 1552 001,
802 1490 999 1556 quam
1027 1471 1282 1536 divinus
1303 1469 1599 1554 splendor
1615 1467 1789 1533 fidei.
1812 1468 1904 1534 Et
1921 1466 2072 1534 doce
2097 1483 2196 1534 me

653 1600 771 1665 per
824 1579 1321 1665 praedicationis,
1369 1578 1505 1644 sive
1550 1575 1840 1642 lectionis
1890 1575 2196 1641 eruditio·

655 1708 807 1755 nem
838 1711 854 1755 :
885 1691 1143 1773 quintu
1169 1704 1236 1755 es
1261 1689 1468 1765 Deus,
1515 1684 1790 1750 creando
1818 1702 1931 1767 per
1969 1687 2194 1766 poten·

655 1797 847 1874 tiam,
874 1799 938 1860 et
959 1795 1103 1860 ideo
1127 1793 1541 1859 admirandus
1574 1791 1932 1869 humiliter;
1978 1791 2197 1858 Salva-

655 1909 756 1971 tor
771 1919 972 1980 meus,
1000 1901 1370 1967 redimendo
1387 1919 1501 1984 per
1521 1898 1944 1978 clementiam,
1961 1904 2026 1964 et
2052 1899 2196 1963 ideo

655 2010 1022 2093 diligendus
1066 2009 1395 2074 sinceriter
1433 2030 1449 2072 z
1492 2013 1553 2076 et
1593 2013 1655 2076 te
1699 2007 1990 2074 sustinui
2008 2054 2025 2082 ,
2055 2024 2195 2070 ser-

654 2118 887 2185 viendo
916 2136 1030 2202 per
1054 2117 1485 2184 obedientiam
1508 2115 1872 2198 diligenter,
1901 2118 2036 2181 tcta
2060 2112 2192 2193 die,

654 2225 1086 2292 continuando
1141 2244 1255 2310 per
1308 2222 1852 2308 perseverantiam
1897 2220 2194 2285 finaliter.

655 2333 788 2399 Hoc
801 2337 1017 2399 autem
1044 2333 1393 2416 perfectum
1413 2349 1529 2415 per
1551 2330 2008 2396 documentum
2030 2346 2199 2393 com·

655 2440 916 2506 mendat
945 2444 1203 2505 sanctus
1217 2438 1437 2519 David,
1459 2456 1608 2503 cum
1624 2437 1873 2503 dicebat
1894 2439 1912 2474 ¹
1935 2458 1952 2502 ι
1990 2459 2023 2497 α
2038 2435 2193 2500 Bea-

653 2552 759 2611 tus
785 2564 979 2631 quem
1004 2550 1079 2611 tu
1104 2546 1443 2624 erudieris,
1471 2545 1734 2611 Domine
1750 2592 1770 2625 ‚
1813 2548 1878 2609 01
1911 2543 1993 2608 de
2048 2542 2200 2624 lege

656 2658 769 2720 tua
794 2655 1085 2720 docueris
1114 2672 1288 2719 eum.
1318 2676 1348 2713 s

734 2759 1027 2827 Secundo
1052 2760 1236 2826 docet
1262 2758 1713 2825 delectabiliter
1734 2761 2028 2841 respectu
2056 2776 2199 2841 pro-

655 2866 997 2933 missorum
1024 2871 1246 2932 contra
1271 2866 1447 2931 orbis
1469 2864 1931 2930 volubilitatem
1957 2865 2042 2946 (a)
2061 2866 2198 2930 sive

655 2974 1225 3053 delectabilitatem,
1244 2977 1308 3038 et
1327 2974 1450 3038 hoc
1470 2972 1702 3037 dicitur
1717 2973 1743 3009 ¹
1775 2992 1793 3036 ε
1830 2995 1863 3033 α
1888 2972 2197 3055 Aperiens

656 3099 728 3146 os
752 3100 948 3146 suum
993 3080 1256 3145 docebat
1282 3098 1418 3161 eos,
1459 3079 1717 3145 dicens:
1751 3078 1924 3144 Beati
1953 3096 2195 3162 paupe·

654 3206 759 3253 res
797 3188 1022 3272 spiritu
1041 3237 1060 3268 ,
1105 3189 1413 3272 quoniam
1456 3186 1744 3270 ipsorum
1784 3190 1878 3250 est
1912 3203 2196 3266 regnum

656 3294 987 3360 coelorum.
1040 3316 1073 3354 ι
1129 3295 1414 3359 Audiant
1466 3296 1828 3358 reverenter
1875 3291 2085 3357 clerici
2137 3296 2203 3358 et

658 3401 923 3485 praelati,
956 3402 1069 3485 qui
1099 3419 1168 3466 se
1195 3400 1536 3484 discipulos
1555 3398 1785 3466 Christi
1815 3397 2197 3481 gloriantur,

655 3509 828 3575 unde
855 3508 1204 3574 christiana
1229 3508 1518 3574 doctrina
1559 3512 1772 3572 sumat
1811 3507 2150 3573 exordium
2178 3529 2194 3572 ε

658 3616 922 3682 audiant
948 3614 1291 3696 diligenter
1330 3615 1614 3697 religiosi
1634 3663 1656 3694 ,
1686 3615 1822 3680 sive
1861 3613 2199 3696 Evangelii

659 3724 1044 3807 professores
1060 3770 1083 3803 ,
1115 3723 1304 3807 quale
1329 3722 1408 3786 sit
1433 3740 1594 3787 evan
1603 3721 1827 3803 gelicae
1864 3722 2199 3802 perfectio-

658 3831 762 3896 nis
806 3830 1324 3896 fundamentum.
1371 3831 1589 3906 Beati,
1619 3829 1825 3921 inquit
1842 3876 1861 3907 ,
1886 3843 2201 3911 pauperes

660 3940 902 4023 spiritu
933 3956 951 4001 ι
984 3941 1050 4002 01
1081 3941 1340 4020 propter
1374 3936 1498 4001 hoc
1529 3939 1869 4020 paupertas
1886 3984 1910 4016 ,
1942 3954 2093 4019 quae
2120 3937 2202 4000 ab

659 4045 963 4111 omnibus
990 4044 1385 4110 saeculariter
1407 4044 1774 4109 viventibus
1800 4061 1948 4107 cum
1975 4044 2204 4108 timore

658 4152 910 4235 fugitur
928 4201 947 4233 ,
991 4170 1032 4216 a
1074 4151 1231 4217 viris
1269 4151 1562 4233 perfectis
1609 4168 1756 4215 cum
1809 4150 2054 4215 honore
2100 4151 2205 4215 vel

660 4277 879 4325 amore
906 4259 1092 4325 debet
1118 4259 1360 4343 suscipi
1397 4281 1412 4322 :
1449 4277 1525 4324 eo
1552 4259 1726 4342 quod
1743 4262 2052 4341 tanquam
2079 4257 2206 4341 pri·

660 4369 939 4434 marium
967 4367 1462 4433 fundamentum
1483 4365 1873 4448 evangelicae
1900 4365 2203 4431 doctrinae

660 4476 726 4541 in
758 4477 1054 4561 praesenti
1082 4477 1368 4559 perficit,
1397 4481 1462 4540 et
1488 4479 1919 4553 consummat,
1950 4479 2207 4557 propter

661 4583 832 4667 quod
857 4583 1008 4648 dicit
1040 4602 1058 4647 2
1089 4584 1275 4651 Beati
1305 4599 1617 4666 pauperes
1651 4583 1896 4666 spiritu
1919 4604 1936 4660 ;
1968 4584 2034 4645 et
2057 4585 2204 4646 tan·

662 4708 858 4773 quam
890 4691 1237 4773 perfectum
1264 4691 1806 4774 complementum
1839 4687 2205 4753 christianae

662 4800 814 4866 vitm
840 4802 908 4865 in
933 4801 1150 4865 futuro
1173 4801 1567 4883 magnificat,
1602 4798 1750 4871 ideo,
1773 4797 2021 4864 subdit:
2049 4800 2207 4876 Ouo-

661 4912 844 4978 niam
872 4910 1160 4992 ipsorum
1182 4912 1273 4975 est
1297 4923 1562 4990 reqnum
1584 4906 1901 4972 coelorum.
1930 4904 1978 4970 Ο
2006 4922 2208 4968 sacra-

662 5017 908 5084 tissima
937 5017 1144 5082 virtus
1163 5065 1180 5096 ,
1238 5019 1304 5082 et
1355 5016 1535 5080 omni
1589 5016 1776 5081 laude
1829 5013 2207 5096 dignissima

661 5130 1033 5210 paupertas,
1072 5125 1222 5209 quis
1273 5124 1392 5188 tihi
1431 5123 1639 5189 valeat
1681 5123 1916 5206 dignas
1963 5122 2203 5205 gratia-

665 5252 814 5300 rum
839 5233 1055 5301 laudes
1089 5232 1453 5317 impendere
1474 5279 1493 5310 ,
1540 5248 1690 5316 quae
1730 5229 1864 5296 solo
1893 5232 2008 5296 tuo
2031 5248 2204 5295 com-

730 5396 747 5432 ¹
777 5394 916 5446 Ρεαι.
944 5404 1102 5458 xcni,
1137 5396 1214 5444 12.
1245 5420 1306 5432 —
1334 5395 1353 5425 ²
1377 5392 1585 5455 nauh„
1614 5404 1666 5456 v,
1693 5395 1742 5443 3.
1765 5418 1826 5430 —
1853 5392 1877 5429 ⁸
1908 5394 1922 5443 Ι
1955 5394 2101 5453 Tim„
2132 5405 2204 5457 ν1,

675 5472 748 5526 to.
777 5492 841 5511 -
865 5467 887 5501 δ
914 5465 1119 5529 Halae„
1151 5478 1204 5529 11,
1236 5469 1284 5521 6.
1315 5492 1374 5505 -
1402 5467 1421 5498 ⁸
1443 5465 1581 5521 Psal.
1611 5477 1759 5530 xxiv,
1785 5468 1834 5516 9.
1865 5492 1924 5503 -
1951 5467 1972 5498 ⁶
2000 5465 2206 5529 naeth„

1749 465 2170 533 SERMONES
2214 468 2315 534 DE·
2355 464 2753 535 TEMPORE.

2309 603 2546 670 mercio
2572 609 2856 672 terrenos
2880 611 2947 673 et
2972 609 3239 674 miseros
3264 610 3557 676 homines
3586 613 3669 677 ad
3712 617 3853 679 tan-

2308 716 2440 777 tam
2488 713 2752 779 honoris
2802 715 3241 781 excellentiam
3284 718 3572 798 extollis,
3620 726 3696 785 ut
3740 724 3854 787 eos

2307 820 2596 885 haeredes
2632 823 2813 903 regni
2845 823 3154 889 coelorum
3194 824 3520 890 instituas!
3569 827 3853 910 Exponit

2307 933 2524 992 tamen
2540 929 2665 993 hoc
2692 929 2960 994 verbum
2976 978 3000 1011 ,
3031 932 3214 1000 Beati
3250 949 3557 1016 pauperes
3581 938 3845 1018 spiritu,

2308 1034 2642 1118 dupliciter
2682 1053 2700 1099 τ
2735 1037 2939 1117 primo
2960 1035 2964 1040 ’
2984 1038 3087 1103 sui
3129 1040 3561 1122 reputatione,
3592 1048 3659 1107 et
3698 1047 3852 1110 tunc

2308 1158 2619 1223 pauperes
2639 1142 2867 1224 spiritu
2895 1149 3050 1210 sunt
3076 1147 3215 1210 veri
3241 1147 3547 1227 humiles,
3576 1151 3692 1233 qui
3719 1168 3846 1216 non

2306 1247 2550 1312 habent
2572 1248 2869 1315 inflatum
2897 1251 3214 1334 spiritum,
3244 1253 3355 1319 sed
3380 1256 3568 1338 quasi
3594 1257 3757 1322 nihil
3783 1278 3850 1324 00

2308 1353 2378 1419 111
2404 1355 2836 1438 spiritualibus
2861 1376 2998 1423 esse
3046 1363 3378 1441 reputant3
3428 1362 3535 1428 vel
3574 1365 3849 1430 secundo

2307 1480 2619 1546 pauperes
2672 1464 2901 1547 spiritu
2916 1514 2937 1545 ,
2995 1467 3060 1531 id
3119 1473 3218 1532 est
3265 1469 3629 1537 voluntarie
3652 1522 3669 1553 ,
3718 1492 3851 1538 non

2307 1578 2541 1650 coacte,
2571 1572 2682 1654 qui
2708 1574 3240 1640 renuntiavi-runt
3254 1578 3453 1642 rebus
3478 1581 3845 1659 mundanis,

2305 1694 2437 1742 non
2462 1681 2663 1744 coacti
2689 1682 3059 1747 necessitate
3074 1732 3092 1764 ‚
3136 1684 3249 1750 sed
3283 1685 3458 1751 ducti
3494 1688 3844 1771 voluntate,

2307 1787 2381 1849 ut
2402 1790 2615 1851 amota
2634 1788 2930 1869 avaritia,
2975 1808 3123 1873 quae
3160 1796 3257 1856 est
3281 1792 3305 1829 ⁸
3325 1795 3515 1859 radix
3555 1796 3847 1860 omnium

2309 1891 2650 1973 malorum,
2683 1896 3003 1962 inseratur
3028 1905 3390 1983 paupertas,
3420 1920 3571 1986 quae.
3597 1908 3699 1968 est
3724 1904 3849 1986 pri-

2308 2001 2588 2067 marium
2615 2004 3101 2072 fundamentum
3128 2008 3339 2073 omnis
3374 2009 3549 2074 boni.
3582 2010 3853 2075 Ratione

2308 2106 2505 2191 hujus
2555 2111 2689 2174 veri
2732 2112 3126 2192 documenti,
3158 2117 3456 2181 convenit
3490 2117 3745 2183 Christo
3764 2117 3847 2181 il·

2307 2215 2415 2281 lud
2444 2220 2467 2252 ⁶
2501 2239 2517 2281 ε
2558 2240 2589 2279 α
2611 2217 2743 2284 Lex
2768 2222 3058 2285 veritatis
3086 2222 3205 2287 ruit
3224 2223 3294 2287 in
3319 2241 3430 2288 ore
3455 2225 3619 2307 ejus.
3647 2245 3680 2283 ι

2388 2325 2599 2391 Tertio
2625 2328 2806 2393 docet
2831 2330 3169 2395 efficaciter
3184 2379 3207 2411 ,
3253 2334 3543 2414 respectu
3574 2349 3847 2414 operan-

2305 2432 2563 2513 dorum,
2589 2440 2807 2501 contra
2832 2437 3106 2520 torporis
3124 2438 3516 2521 tepiditatem
3544 2459 3560 2502 :
3588 2443 3849 2522 propter

2306 2541 2477 2623 quod
2520 2540 2751 2608 dicitur
2793 2544 2867 2607 in
2904 2541 3156 2609 Psalmo
3197 2550 3219 2586 ⁸
3252 2563 3272 2609 t
3310 2562 3344 2607 α
3369 2544 3627 2612 Docebit
3663 2546 3847 2611 mites

2307 2647 2446 2712 vias
2470 2667 2641 2714 suas,
2675 2672 2707 2710 ι»
2741 2648 2879 2717 Viae
2917 2650 3169 2717 Domini
3210 2657 3363 2717 sunt
3406 2654 3595 2719 bonae
3622 2671 3848 2736 opera-

2308 2755 2533 2833 tiones,
2562 2775 2721 2840 quas
2748 2756 3035 2824 Christus
3059 2759 3123 2823 in
3146 2760 3271 2826 hoc
3284 2761 3529 2826 mundo
3556 2778 3849 2844 corpora-

2306 2862 2452 2928 liter
2479 2865 2794 2945 exercuit,
2835 2884 2984 2950 quae
3022 2868 3284 2934 nomine
3324 2868 3581 2934 viarum
3624 2869 3846 2954 appel-

2304 2969 2554 3049 lantur,
2606 2988 2683 3036 eo
2730 2973 2903 3055 quod
2957 2974 3124 3039 sicut
3166 2994 3281 3059 per
3334 2976 3508 3041 viam
3552 2976 3849 3058 graditur

2306 3077 2501 3143 homo
2525 3078 2605 3145 ad
2632 3081 2954 3164 propriam
2978 3082 3324 3160 civitatem,
3344 3083 3439 3148 sic
3466 3101 3584 3167 per
3610 3083 3846 3148 bonam

2306 3187 2739 3268 operationem
2771 3188 3144 3270 perducitur
3169 3188 3367 3254 homo
3410 3190 3491 3255 ad
3530 3190 3848 3256 coelestem

2311 3292 2579 3376 patriam
2621 3314 2638 3358 ε
2669 3293 2788 3358 has
2816 3295 2956 3359 vias
2983 3296 3165 3360 docet
3202 3295 3510 3362 Dominus
3535 3298 3725 3363 mites
3748 3299 3849 3362 in-

2308 3400 2525 3481 terius,
2552 3400 2877 3465 neminem
2902 3402 3328 3485 despiciendo,
3356 3409 3420 3469 01
3441 3404 3726 3470 humiles
3744 3423 3850 3469 ex-

2306 3508 2508 3572 terius
2526 3556 2542 3583 ,
2601 3508 2924 3573 neminem
2969 3509 3378 3587 offendendo,
3420 3512 3613 3592 juxta
3657 3530 3849 3576 suum

2306 3615 2743 3679 testimonium
2780 3620 2803 3656 ⁸
2843 3633 2861 3678 τ
2896 3637 2927 3676 e
2968 3614 3191 3680 Discite
3227 3634 3268 3680 a
3301 3633 3440 3697 me,
3480 3617 3641 3699 quia.
3674 3619 3850 3682 mitis

2312 3742 2481 3803 sum,
2511 3728 2573 3788 et
2599 3723 2868 3788 humilis
2895 3724 3085 3789 corde
3113 3746 3129 3787 z
3162 3745 3194 3785 n
3228 3724 3483 3807 quando
3501 3743 3621 3790 suo
3641 3744 3855 3791 exem·

2313 3828 2420 3913 plo
2447 3829 2833 3896 erudiuntur
2868 3830 2949 3895 ad
2996 3830 3159 3895 bene
3198 3832 3617 3913 operandum.
3650 3832 3849 3898 Nam'

2323 3960 2354 3999 e
2379 3937 2594 4002 omnis
2618 3937 2848 4003 Christi
2872 3939 3042 4001 actio
3066 3941 3162 4002 001
3186 3944 3402 4003 nostra
3425 3940 3784 4006 instructio.
3810 3962 3844 4001 0

2315 4044 2643 4127 Rogemus
2671 4062 2832 4127 ergo
2858 4043 3222 4124 Dominum,
3244 4048 3365 4110 etc.

2848 4223 3138 4293 SERMO
3183 4224 3245 4292 11
3270 4224 3316 4292 ⁸.

2400 4368 2721 4437 ostendite
2757 4367 2928 4436 milti
2957 4369 3286 4435 numisma
3318 4383 3549 4436 census
3571 4370 3620 4434 ⁹.
3655 4368 3859 4435 Num-

2317 4496 2464 4542 mus
2489 4481 2586 4542 est
2612 4477 2858 4555 anima,
2891 4495 3087 4559 quam
3128 4475 3436 4541 Dominus
3479 4477 3764 4542 maxime
3786 4478 3856 4542 in

2317 4590 2524 4650 morte
2549 4585 2907 4663 examinat,
2953 4586 3026 4648 ut
3058 4583 3413 4665 imaginem
3454 4600 3643 4647 suam
3669 4602 3856 4667 quae-

2316 4695 2440 4757 rat.
2497 4690 2847 4771 ostendite,
2890 4691 3119 4774 inquit.
3168 4690 3711 4757 Considerandum
3738 4711 3854 4758 au·

2315 4805 2470 4880 tem,
2500 4800 2669 4884 quod
2700 4800 3034 4865 ostendere
3058 4798 3241 4864 debet
3275 4798 3473 4863 homo
3519 4800 3855 4866 veritatem

2312 4909 2383 4972 in
2411 4906 2880 4990 praedicatione,
2916 4907 3313 4990 iniquitatem
3341 4906 3410 4969 in
3436 4905 3852 4986 confessione,

2312 5016 2663 5080 bonitatem
2711 5016 2781 5078 in
2822 5014 3222 5098 operatione,
3268 5013 3377 5079 Dei
3401 5012 3758 5096 imaginem
3784 5016 3854 5081 in

2313 5122 2734 5206 expiratione.

2314 5332 2403 5382 ιι,
2446 5324 2524 5373 29.
2568 5346 2627 5357 —
2672 5321 2689 5351 ⁷
2727 5320 2880 5385 Greg.
2911 5344 2966 5355 -
3008 5318 3028 5349 ⁸
3062 5319 3213 5370 Hunc
3247 5318 3299 5367 01
3333 5318 3554 5382 quamor
3583 5326 3853 5386 0000011100

2316 5393 2471 5444 habet
2522 5405 2727 5458 quoque
2773 5391 2896 5441 edit·
2952 5389 3111 5441 Paris.
3156 5402 3242 5439 an.
3289 5389 3433 5439 152¹.
3477 5416 3541 5429 —
3583 5391 3608 5428 ⁸
3653 5392 3850 5453 Mani„

2319 5476 2432 5528 xx»,
2463 5466 2539 5515 19.
2567 5489 2627 5501 -
2665 5465 2729 5529 (α)
2760 5462 2911 5514 Forte
2944 5460 3046 5527 leg.
3078 5459 3546 5527 wluptabila'tatem.
