4059 6317
944 425 1046 493 DE
1088 427 1156 494 S.
1199 425 1468 495 MARCO
1511 420 2086 495 EVANGELISTA.
2131 422 2398 492 SERMO
2440 423 2489 490 Ι.

126 559 268 619 dum
307 560 486 636 cygni
526 560 640 620 sub
673 576 874 636 penna
914 562 1092 635 alba,
1130 562 1194 621 id
1229 566 1349 633 est,
1388 563 1502 621 sub
1528 564 1663 622 vitoe

123 655 465 730 apparentia
499 655 797 714 occultant
835 671 1074 715 carnem
1108 655 1371 730 nigram,
1425 656 1491 715 id
1543 661 1662 729 est,

122 748 382 807 animam
408 749 662 823 peccatis
689 749 986 808 infectam.
1021 751 1136 811 Sed
1161 751 1359 810 veniet
1380 751 1508 809 dies
1534 751 1660 823 illa,

121 841 240 900 dies
263 844 428 901 omni
456 839 848 903 amaritudine
873 843 1082 920 plena,
1113 845 1357 920 quando
1385 844 1660 921 publica-

119 934 339 994 buntur
359 952 562 996 coram
590 938 870 997 universo
895 938 1125 997 mundo
1148 939 1380 1010 omnia,
1408 955 1534 997 non
1562 954 1660 997 so-

120 1027 242 1087 lum
267 1031 457 1090 verba
472 1074 492 1104 ,
523 1035 580 1090 et
620 1048 837 1105 opera,
867 1031 973 1090 sed
1013 1032 1143 1108 ipsa
1185 1033 1384 1091 cordis
1419 1037 1658 1091 secreta.

119 1125 163 1182 0
194 1141 380 1198 quam
411 1125 773 1198 consultiuS,
802 1141 987 1200 quam
1026 1125 1240 1184 melius
1282 1129 1466 1197 esset,
1501 1142 1661 1183 nunc

119 1218 220 1276 uni
262 1219 538 1293 detegere
575 1219 900 1293 sacerdoti,
954 1219 1150 1279 dicere
1202 1219 1351 1279 nulii
1404 1219 1658 1290 valenti,

120 1329 301 1386 quam
336 1329 541 1372 coram
567 1316 688 1375 Deo
706 1355 727 1387 ,
769 1317 827 1373 et
858 1312 1114 1387 angelis,
1145 1314 1496 1388 mundoque
1533 1313 1665 1371 uni-

120 1421 285 1464 verso
310 1406 615 1466 confundi.

188 1500 484 1573 Secundo,
510 1501 723 1560 beatus
743 1504 968 1565 Marcus
984 1501 1121 1560 feeit
1139 1517 1202 1559 se
1219 1500 1537 1559 minimum
1556 1516 1665 1575 per

118 1593 549 1669 simplicitatem
590 1595 726 1653 vitoe
757 1613 773 1655 z
812 1595 1121 1654 audiverat
1151 1596 1311 1654 enim
1348 1592 1664 1653 Dominum

120 1687 449 1746 dicentem¹
485 1706 501 1746 ε
539 1708 569 1744 α
598 1692 791 1748 Estote
816 1689 1139 1764 prudentes
1167 1688 1316 1746 sicut
1340 1692 1661 1763 serpentes,

120 1784 177 1837 et
199 1779 498 1854 simplices
523 1781 674 1840 sicut
709 1782 1029 1842 columboe.
1071 1803 1100 1835 n
1136 1785 1203 1841 ist
1245 1781 1481 1841 dicebat
1505 1787 1662 1857 Apo-

121 1875 306 1934 stolus
323 1877 347 1912 2
372 1893 387 1933 :
415 1894 445 1929 α
467 1879 585 1935 Nos
612 1876 909 1951 simplices
933 1877 1007 1950 (a)
1025 1879 1270 1951 propter
1295 1876 1611 1935 Christum.
1630 1896 1660 1931 »

119 1972 183 2028 Et
209 1970 233 2006 ⁸
275 1986 292 2027 τ
341 1989 371 2024 α
413 1972 561 2029 Cum
612 1969 981 2045 simplicibus
1038 1970 1199 2028 enim
1249 1971 1664 2030 sermocinatio

119 2063 268 2136 eius.
293 2084 323 2119 »
352 2064 516 2123 Unde
534 2068 765 2138 poterat
788 2068 1023 2122 sanetus
1047 2067 1276 2124 Marcus
1303 2065 1499 2125 dicere
1526 2081 1664 2124 cum

119 2156 399 2230 Apostolo
424 2158 490 2215 ¹⁶:
534 2178 564 2212 α
597 2157 750 2216 Nihil
787 2157 978 2217 fateor
1004 2174 1100 2216 me
1146 2157 1295 2216 scire
1337 2158 1488 2218 inter
1512 2175 1623 2217 vos
1642 2201 1663 2232 ,

117 2248 229 2308 nisi
243 2250 536 2310 Christum
548 2255 768 2325 iesum,
783 2257 841 2310 et
852 2253 1012 2311 hunc
1022 2252 1389 2311 crucifixum.
1405 2273 1435 2309 »
1461 2256 1667 2312 Exem-

117 2345 285 2419 plum
309 2345 384 2404 de
407 2345 572 2405 Pauli
597 2346 1002 2423 simplicitate,
1033 2345 1138 2422 qui
1163 2351 1385 2405 tantam
1412 2348 1663 2421 gratiam

118 2452 154 2495 a
178 2440 296 2497 Deo
320 2443 648 2515 acceperat,
679 2440 848 2515 quod
872 2440 1022 2499 vidit
1049 2439 1333 2514 angelos,
1360 2445 1418 2498 et
1443 2441 1665 2500 daemo-

117 2546 250 2605 nes,
280 2537 341 2591 et
375 2534 656 2608 cognovit
679 2550 888 2594 omnes
924 2534 1233 2608 homines,
1261 2535 1325 2592 in
1362 2552 1484 2610 quo
1512 2539 1665 2595 statu

118 2630 329 2685 essent.
359 2627 524 2686 Unde
541 2633 742 2702 posset
758 2629 835 2688 de
860 2629 1040 2687 beato
1066 2632 1261 2689 Marco
1285 2629 1666 2704 spiritualiter

117 2720 271 2780 illud
322 2723 580 2797 exponi,
635 2724 800 2798 quod
856 2722 932 2781 de
986 2723 1299 2797 Beniamin
1351 2723 1567 2783 dicitur
1590 2725 1612 2760 ⁸
1644 2744 1661 2784 ε

122 2835 152 2871 α
169 2816 442 2878 Minimus
466 2815 715 2876 fratrum
740 2834 880 2876 cum
900 2821 1067 2893 patre
1093 2823 1296 2878 nostro
1323 2823 1428 2876 est.
1450 2839 1480 2874 »
1506 2820 1667 2894 Opti-

115 2925 212 2968 me
238 2913 533 2982 minimus,
560 2910 624 2968 id
651 2915 774 2984 est,
803 2911 1054 2986 simplex
1081 2911 1259 2971 trater
1286 2912 1501 2972 dicitur
1537 2928 1664 2972 esse

117 3020 251 3063 cum
274 3008 444 3078 patre
463 3045 486 3075 ,
512 3004 657 3080 quia
693 3008 844 3064 Deus
870 3006 1308 3081 simplicitatem
1350 3006 1578 3080 diligit,
1609 3011 1666 3066 et

117 3114 253 3157 cum
295 3098 512 3158 talibus
548 3114 677 3158 esse
714 3100 893 3174 cupit.
941 3099 1058 3160 Sed
1096 3116 1221 3159 non
1266 3101 1410 3159 tales
1448 3100 1622 3159 multi
1643 3144 1663 3175 ,

114 3192 219 3267 qui
236 3193 466 3268 seipsos
483 3193 867 3267 magnificant
882 3210 991 3269 per
1009 3194 1463 3253 ostentationem
1479 3193 1667 3253 scien·

114 3285 206 3343 tim
220 3328 240 3358 ,
268 3285 423 3344 sicut
444 3287 710 3347 fecerunt
733 3289 875 3346 vani
907 3288 1286 3362 philosophi,
1308 3288 1542 3362 ‚iudices
1557 3331 1580 3361 ,
1609 3293 1667 3348 et

115 3379 413 3439 advocati.
444 3381 609 3440 Tales
632 3382 822 3453 enim,
849 3381 999 3440 sicut
1027 3382 1242 3440 dicitur
1269 3382 1314 3452 ⁶,
1349 3401 1379 3437 α
1405 3382 1666 3441 dicentes

115 3489 177 3531 se
199 3490 336 3532 esse
360 3474 690 3548 sapientes,
717 3474 878 3534 stulti
909 3474 1049 3534 sacti
1086 3477 1241 3533 sunt.
1273 3477 1354 3530 »⁷
1387 3494 1416 3529 α
1447 3476 1666 3534 Stultus

113 3565 303 3626 iactus
329 3572 416 3626 est
442 3571 637 3628 omnis
666 3570 853 3630 homo
875 3587 915 3631 a
936 3570 1179 3630 scientia
1205 3587 1400 3630 sua.»
1435 3572 1671 3647 Optime

118 3660 260 3719 dicit
282 3679 388 3720 sua
401 3705 424 3736 ,
452 3663 597 3738 quia
617 3665 749 3723 sola
776 3664 983 3725 divina
1008 3664 1316 3739 sapientia,
1346 3681 1472 3724 non
1496 3682 1668 3724 mun·

117 3754 314 3831 dana,
343 3772 470 3815 non
504 3756 838 3829 diabolica,
872 3758 1012 3817 facit
1037 3758 1311 3817 homines
1351 3759 1663 3833 sapientes.

115 3851 269 3922 Ergo
290 3850 466 3923 juxta
489 3850 841 3926 Apostolum
866 3850 890 3886 ⁸
928 3873 943 3911 ε
993 3872 1023 3906 «
1048 3852 1106 3911 Si
1135 3852 1269 3927 quis
1295 3856 1494 3911 autem
1516 3853 1670 3913 inter

113 3958 225 4002 vos
264 3945 507 4020 sapiens
550 3961 679 4004 esse
723 3945 887 4018 vult,
935 3945 1040 4005 fiat
1089 3946 1317 4017 stultus,
1365 3951 1433 4006 ut
1464 3947 1539 4006 sit
1573 3964 1668 4006 sa-

113 4037 320 4110 piens,
349 4059 379 4091 n
412 4039 480 4097 id
522 4042 636 4112 cst,
682 4038 788 4097 fiat
831 4038 1039 4097 stultus
1079 4039 1145 4097 in
1182 4041 1413 4099 mundo
1431 4084 1451 4114 ,
1480 4044 1546 4099 ut
1596 4041 1671 4099 sit

114 4132 357 4207 sapiens
394 4132 507 4191 soli
551 4132 798 4193 Christo.
840 4135 988 4192 Nam
1030 4135 1088 4191 et
1122 4135 1364 4208 Sapiens
1399 4135 1542 4193 dicit
1582 4136 1605 4172 ⁹
1650 4154 1665 4192 :

123 4244 152 4279 α
178 4226 567 4285 stultissimus
587 4244 722 4285 sum
750 4227 1050 4298 virorum,
1078 4232 1136 4286 et
1161 4228 1451 4303 sapientia
1471 4227 1668 4286 homi-

116 4335 269 4379 num
295 4337 426 4381 non
452 4324 539 4380 est
567 4337 822 4383 mecum.
859 4344 886 4376 n
930 4326 998 4381 Et
1022 4322 1236 4380 dicitur
1268 4324 1314 4360 ¹⁰
1344 4341 1361 4381 ε
1393 4340 1425 4376 α
1451 4324 1509 4381 Si
1538 4322 1673 4397 quis

116 4416 373 4473 aestimat
397 4430 460 4472 se
485 4414 717 4490 aliquid
744 4414 915 4486 scire,
940 4416 1006 4490 (b)
1036 4416 1310 4474 nondum
1350 4417 1672 4490 cognovit,

119 4508 643 4582 quemadmodum
670 4513 940 4583 oporteat
974 4526 1116 4569 eum
1141 4509 1311 4569 scire.
1326 4529 1357 4566 ιο
1390 4513 1536 4569 Nam
1568 4510 1676 4585 qui

118 4602 396 4679 superbit
421 4601 497 4660 de
519 4603 782 4675 scientia,
814 4621 948 4680 quse
975 4621 1014 4663 a
1032 4604 1163 4663 solo
1184 4607 1305 4663 Deo
1333 4608 1440 4675 est,
1469 4603 1676 4662 similis

119 4702 210 4755 est
220 4688 567 4771 corniculae,
584 4715 718 4772 quae
725 4698 1093 4771 gloriabatur
1109 4697 1149 4732 ¹¹
1166 4697 1241 4756 de
1255 4699 1465 4773 pennis
1474 4698 1676 4756 avium

120 4788 418 4864 aliarum3
437 4792 570 4863 sed,
587 4791 735 4850 dum
763 4791 1047 4865 quaslibet
1073 4792 1201 4849 avis
1227 4807 1367 4850 suas
1389 4790 1680 4850 subtraxit

121 4882 202 4942 ab
248 4899 362 4957 ea,
406 4887 675 4944 remanet
710 4884 879 4945 nuda
917 4885 1182 4961 penitus,
1211 4889 1271 4945 et
1312 4886 1507 4944 omnis
1551 4884 1680 4958 ejus

186 5007 203 5041 ¹
241 5003 446 5062 ἕαται..
483 5016 546 5070 x,
577 5009 653 5057 16.
684 5030 746 5043 --
783 5008 805 5042 ²
835 5007 852 5057 i
881 5006 1003 5069 Gor,
1038 5017 1107 5070 ιν,
1141 5011 1215 5060 lo,
1245 5033 1307 5047 -
1343 5006 1368 5042 ⁸
1393 5008 1562 5071 Pron„
1596 5016 1678 5072 111,

123 5079 204 5129 ss.
242 5077 406 5127 —⁴1
444 5076 584 5131 eor..
625 5078 1083 5140 11.2.-·sen.,
1109 5090 1251 5142 xm,
1279 5079 1680 5142 13.-⁶1³0m.,

123 5160 163 5212 1,
193 5150 276 5199 22.
297 5173 368 5186 —
395 5148 416 5183 ⁷
434 5150 642 5213 let-em„
663 5161 717 5211 x,
748 5153 824 5201 14.
848 5176 912 5189 -
932 5150 956 5186 ⁸
979 5153 999 5201 1
1022 5150 1158 5210 Cor..
1183 5162 1263 5211 111,
1292 5153 1370 5202 18.
1389 5177 1442 5187 -
1467 5151 1490 5186 ⁹
1512 5152 1682 5214 Pron„

123 5232 263 5285 xxx,
297 5220 349 5272 2.
390 5246 453 5260 -
489 5221 532 5257 ¹⁰
568 5222 588 5272 1
629 5221 769 5284 Cor„
806 5233 926 5286 vm,
957 5226 1004 5274 2.
1041 5248 1104 5261 —
1142 5223 1181 5257 ¹¹
1206 5223 1449 5288 AEsopus,
1477 5221 1684 5287 Fabul„

121 5295 216 5349 lib.
247 5297 316 5359 ΙΙ,
345 5293 453 5349 fab.
482 5306 677 5358 xxv1u3
709 5296 910 5360 norat,
939 5298 1128 5361 Epist..
1151 5295 1242 5348 lib.
1275 5298 1314 5360 Ι,
1341 5296 1490 5361 epist.
1515 5307 1596 5359 ιιι,
1626 5311 1680 5349 v.

123 5373 302 5421 19-20.
336 5395 395 5407 -
430 5368 478 5403 ¹¹
503 5367 710 5426 naith..
745 5381 868 5432 μιν,
894 5372 975 5421 to,
1009 5395 1073 5408 -
1106 5368 1151 5405 ²⁸
1173 5371 1307 5430 Act„
1341 5379 1468 5432 vni,
1509 5372 1591 5420 20.
1622 5395 1678 5405 —-

3197 430 3315 494 547

1772 563 1967 636 gloria
1989 562 2056 621 in
2070 561 2464 636 ignominiam
2490 562 2579 621 est
2603 575 2911 623 conversa.
2935 560 3028 621 Sic
3054 564 3113 621 et
3131 562 3197 619 in
3219 561 3316 621 die

1767 656 2013 730 judicii,
2050 673 2189 714 cum
2227 656 2444 715 divinis
2476 655 2900 728 nudabuntur,
2945 656 3147 715 miseri
3190 671 3317 715 non

1771 749 2098 823 habebunt,
2120 750 2280 808 unde
2306 749 2545 808 valeant
2568 748 2833 823 gloriari,
2855 748 2996 824 quia
3013 748 3157 807 solis
3182 765 3319 825 pec-

1773 843 1917 901 catis
1935 885 1956 914 ,
2003 859 2138 917 quoe
2167 842 2408 918 proprie
2435 859 2545 902 sua
2574 846 2745 915 sunt,
2774 847 2913 901 tunc
2946 843 3319 902 invenientur

1772 936 1986 996 ornati.

1843 1031 2033 1089 Tertio
2049 1073 2068 1102 ,
2099 1035 2334 1090 sanctus
2359 1033 2583 1090 Marcus
2610 1048 2673 1090 se
2702 1031 2840 1090 fecit
2869 1031 3183 1091 minimum
3209 1045 3317 1106 per

1774 1126 2177 1199 contemptum
2201 1125 2411 1183 mundi
2426 1168 2445 1197 ,
2471 1129 2528 1183 et
2552 1125 2842 1200 pecuniae,
2871 1129 2929 1184 et
2955 1124 3149 1184 omnis
3174 1128 3316 1183 tem-

1771 1217 1995 1292 poralis
2034 1218 2392 1277 substantiae.
2425 1218 2627 1277 Nudus
2665 1219 2826 1277 enim
2852 1218 3086 1277 nudum
3120 1218 3317 1277 Domi-

1772 1326 1919 1370 num
1945 1317 2031 1370 est
2054 1316 2287 1371 secutus
2312 1331 2326 1370 :
2356 1328 2479 1371 non
2499 1312 2659 1371 enim
2697 1316 2930 1388 poterat
2953 1312 3126 1386 sequi
3145 1311 3321 1370 vesti·

1775 1406 1868 1461 tus
1877 1447 1897 1477 ,
1936 1404 2063 1480 ipse
2102 1407 2262 1465 enim
2300 1407 2410 1465 suit
2445 1405 2521 1465 de
2569 1422 2818 1465 numero
2854 1405 3096 1465 illorum
3141 1405 3320 1465 mini-

1773 1513 2036 1569 morum,
2065 1499 2141 1558 de
2161 1500 2380 1575 quibus
2398 1499 2540 1559 dicit
2562 1501 2842 1560 Dominus
2863 1501 2908 1538 ¹²
2930 1516 2945 1557 ε
2969 1499 3183 1571 «Quod
3213 1501 3318 1559 nni

1775 1590 1852 1649 de
1883 1592 2144 1651 minimis
2169 1594 2318 1652 meis
2348 1593 2565 1654 fecistis
2573 1637 2593 1668 ‚
2636 1594 2785 1653 mibi
2822 1594 3057 1655 fecistis.
3092 1614 3121 1649 n
3155 1593 3321 1654 Mini-

1773 1702 1906 1745 mos
1959 1685 2102 1745 dicit
2144 1687 2307 1763 ipsos
2358 1704 2653 1764 pauperes
2703 1688 3065 1763 indigentes,
3113 1688 3321 1763 quales

1772 1778 1937 1837 fuere
1963 1780 2217 1855 apostoli
2242 1785 2300 1841 et
2325 1781 2717 1855 evangelistae.
2743 1783 2857 1842 Sed
2882 1782 3131 1857 quidam
3155 1798 3316 1857 quae·

1773 1876 1912 1932 runt
1934 1890 1997 1932 se
2023 1875 2407 1949 magnificare
2422 1915 2445 1947 ‚
2481 1880 2539 1935 et
2565 1876 2856 1950 gloriosos
2890 1891 3178 1952 apparere
3210 1892 3322 1951 per

1775 1970 2300 2043 congregationem
2316 1970 2604 2045 pecuniae,
2621 1985 2747 2029 non
2770 1970 3134 2030 attendentes
3152 1971 3321 2046 quod

1775 2062 2000 2121 dictum
2049 2068 2136 2122 est
2174 2064 2395 2123 Simoni
2437 2081 2615 2138 mago
2663 2080 2701 2123 a
2744 2064 2983 2123 Simone
3027 2068 3195 2124 Petro
3223 2066 3269 2102 ¹⁸
3299 2083 3315 2125 ε

1782 2176 1811 2211 ιι
1847 2159 2101 2216 Pecunia
2139 2162 2243 2218 tua
2284 2163 2480 2218 tecum
2523 2159 2597 2217 sit
2628 2159 2691 2218 in
2732 2158 3148 2234 perditionem.
3194 2178 3224 2215 n
3272 2162 3319 2219 Ο

1775 2255 2002 2327 quanta
2022 2251 2293 2325 stultitia,
2325 2269 2388 2311 se
2415 2268 2663 2312 onerare
2684 2254 2972 2328 pecunia,
2993 2269 3128 2329 quae
3151 2254 3320 2312 citius

1776 2346 2140 2419 demergitur
2179 2346 2243 2404 in
2280 2349 2554 2421 poenam!
2589 2346 2768 2405 Multo
2797 2346 3028 2406 stultior
3059 2351 3147 2406 est
3179 2347 3277 2406 hie
3297 2388 3318 2419 ,

1775 2458 1960 2517 quam
1977 2441 2100 2514 ille,
2122 2441 2227 2516 qui
2248 2444 2571 2515 congregat
2588 2442 2699 2500 sibi
2723 2443 2909 2516 ligna,
2929 2441 3149 2517 quibus
3166 2441 3321 2515 ignis

1775 2552 1915 2595 eum
1941 2536 2158 2594 ardens
2186 2534 2254 2611 (c)
2285 2540 2574 2611 perpetuo
2603 2534 2911 2595 nutriatur.
2940 2538 3146 2594 Nonne
3174 2533 3322 2594 stul-

1775 2629 2030 2687 tissimus
2059 2634 2211 2689 esset
2244 2629 2348 2705 qui
2373 2646 2482 2705 per
2505 2629 2802 2689 lubricam
2828 2630 2989 2688 viam
3015 2627 3316 2699 incedens,

1775 2729 1834 2784 et
1883 2725 2251 2801 profundum
2288 2740 2580 2798 magnum
2619 2725 2790 2798 ,iuxta
2834 2740 2896 2783 se
2950 2724 3198 2797 habens,
3254 2725 3320 2783 in

1776 2837 1897 2896 quo
1936 2819 2014 2894 (ἀ)
2069 2820 2120 2878 si
2162 2818 2348 2878 semel
2382 2818 2655 2889 caderet,
2690 2819 2753 2877 in
2797 2822 3151 2893 perpetuum
3194 2833 3319 2877 non

1773 2914 1982 2986 exiret,
2015 2932 2077 2973 se
2104 2914 2359 2990 plumbo
2395 2917 2454 2973 et
2488 2914 2843 2973 stercoribus
2878 2916 3152 2985 ornaret,
3183 2912 3319 2988 qui-

1772 3009 1888 3067 bus
1911 3025 2052 3067 eum
2077 3008 2269 3083 mergi
2303 3024 2540 3068 neceaee
2585 3008 2778 3067 esset?
2805 3010 2992 3080 Ergo,
3029 3005 3081 3064 si
3120 3009 3227 3065 toti
3251 3006 3318 3065 in

1766 3101 2003 3164 lubrico
2057 3104 2235 3180 positi
2287 3121 2494 3164 sumus
2510 3147 2531 3177 ,
2587 3106 2635 3161 si
2683 3101 3055 3178 protundum
3104 3097 3320 3160 inferni

1768 3197 1938 3270 iuxta
1963 3215 2076 3256 nos
2102 3198 2430 3270 cernimus,
2462 3198 2510 3256 si
2539 3195 2806 3272 quotidie
2830 3199 3067 3255 nostros
3091 3194 3319 3255 vicinos

1773 3308 1945 3351 ruere
1970 3295 2029 3351 et
2055 3292 2267 3352 cadere
2291 3292 2514 3367 passim
2530 3290 2825 3363 videmus,
2850 3289 2999 3365 quid
3020 3292 3126 3362 est,
3150 3289 3319 3364 quod

1772 3374 1888 3445 nos
1937 3386 2364 3461 temporalibus
2416 3385 2776 3445 stercoribus
2828 3400 3113 3443 ornamus
3131 3383 3163 3440 ⁴?
3214 3384 3319 3442 Sa-

1773 3479 2001 3554 pientes
2040 3484 2266 3547 nautae,
2303 3480 2354 3539 si
2388 3479 2665 3537 fluctibus
2702 3482 3086 3554 premuntur,
3127 3476 3319 3535 ventis

1775 3574 2141 3649 quatiuntur,
2167 3573 2610 3649 tempestatibus
2637 3572 3044 3647 impelluntur,
3070 3587 3195 3630 non
3216 3586 3322 3630 na-

1774 3684 1914 3726 vem
1954 3672 2235 3753 onerant,
2276 3667 2384 3725 sed
2424 3683 2559 3726 eam
2601 3665 2916 3738 alleviant,
2942 3681 3067 3725 non
3094 3680 3339 3724 merces·

1777 3764 2071 3837 (sumunt,
2097 3761 2205 3819 sed
2230 3760 2499 3819 inventas
2524 3758 2840 3833 abjiciunt3
2866 3764 2922 3818 et
2943 3776 3075 3830 nos,
3091 3758 3319 3830 fratres,

1776 3856 1923 3927 ubi,
1949 3856 2064 3913 nisi
2092 3857 2156 3912 in
2188 3852 2751 3929 tempestuosissimo
2782 3852 2930 3911 mari
2951 3868 3156 3910 sumus
3172 3854 3201 3909 ‘i
3225 3855 3322 3910 Er·

1776 3966 1896 4023 go,
1919 3950 2092 4023 Juxta
2116 3948 2369 4007 verbum
2397 3946 2585 4006 sancti
2625 3946 2920 4004 Ambrosii
2950 3946 3014 4016 ¹¹⁶,
3051 3965 3080 4000 α
3107 3960 3322 4004 caven-

1778 4044 1926 4101 dum
1964 4042 2143 4101 valde
2178 4041 2355 4101 nobis
2389 4046 2504 4113 est,
2541 4057 2618 4099 ne
2657 4057 2875 4100 navem
2902 4043 3197 4112 nostram,
3222 4038 3321 4098 vel

1776 4137 1988 4196 fluctus
2010 4136 2362 4209 absorbeat,
2389 4135 2488 4195 vel
2513 4135 2780 4209 procella
2806 4134 3163 4209 tempestatis
3189 4132 3324 4192 alli-

1779 4231 1914 4303 dat,
1947 4229 2047 4288 vel
2082 4230 2147 4288 in
2191 4232 2473 4290 aeternam
2513 4228 2779 4304 praedam
2830 4228 3023 4305 pirata
3064 4227 3322 4287 crudelis

1778 4326 2119 4384 abducat.»

1849 4421 2092 4490 Quarto,
2118 4421 2355 4476 sanctus
2379 4419 2606 4476 Marcus
2630 4432 2693 4475 se
2719 4415 2854 4475 fecit
2878 4414 3195 4475 minimum
3215 4431 3325 4490 per

1781 4514 2242 4587 abnegationem
2281 4512 2536 4586 propriae
2569 4526 2877 4586 personas:
2908 4514 2967 4569 et
2998 4511 3063 4568 in
3100 4510 3216 4569 boc
3242 4513 3331 4569 est

1783 4623 2020 4668 summa
2043 4605 2349 4681 perfectio.
2372 4608 2521 4664 Nam
2541 4609 2601 4664 et
2619 4604 2761 4664 mali
2787 4608 3035 4681 possunt
3058 4621 3166 4680 per
3194 4620 3333 4663 con·

1782 4701 2103 4760 sessionem
2127 4702 2373 4775 peccata
2398 4699 2694 4772 detegere,
2714 4696 2963 4773 possunt
2986 4699 3171 4758 vitam
3197 4698 3335 4757 sim-

1783 4795 2000 4869 plicem
2041 4793 2289 4865 ducere,
2316 4797 2565 4868 possunt
2594 4792 2951 4868 temporalia
2986 4792 3097 4851 ista
3135 4791 3334 4868 despi-

1787 4903 1957 4962 cere;
1988 4887 2098 4945 sed
2131 4902 2314 4945 nemo
2334 4928 2355 4959 ,
2392 4886 2504 4944 nisi
2535 4886 2628 4945 vir
2663 4886 3117 4960 magnanimus,
3144 4889 3339 4960 potest

1787 4982 2050 5057 seipsum
2072 4986 2472 5041 contemnere.
2498 4981 2812 5054 Gregorius
2838 4980 2881 5017 ¹⁸
2907 5000 2923 5039 :
2953 5000 2984 5035 ι
3006 4984 3133 5039 Non
3165 4994 3339 5052 mag-

1787 5135 1831 5172 ¹⁸
1859 5135 2118 5197 Ambros„
2146 5134 2199 5184 in
2225 5135 2362 5198 Luc„
2388 5106 2480 5186 lib.
2514 5134 2601 5197 Ν,
2625 5148 2681 5186 n.
2711 5136 2791 5196 7⁰,
2821 5134 2991 5199 quoad
3021 5146 3251 5185 sensum.
3273 5159 3337 5172 -

1791 5208 1833 5244 ²⁸
1858 5209 2031 5271 Greg„
2065 5207 2120 5256 in
2146 5207 2363 5272 Beanq„
2392 5207 2541 5257 hom.
2571 5218 2739 5270 xxxu,
2766 5220 2820 5259 n.
2856 5212 2901 5259 1.

1853 5298 1922 5358 (α)
1949 5294 2093 5360 Vulq.
2117 5295 2273 5347 etuni-
2292 5320 2354 5337 -
2373 5293 2441 5360 (b)
2471 5296 2597 5347 Cat.
2613 5294 2741 5346 odit.
2759 5294 2875 5348 aad.
2902 5295 3013 5349 ubi.
3034 5320 3099 5337 --
3125 5297 3193 5364 (c)
3218 5297 3339 5365 ιη.

1793 5383 1963 5422 urens.
1995 5396 2055 5405 -
2086 5367 2165 5431 (d)
2197 5369 2310 5432 Leq.
2338 5367 2500 5432 quod.
