4059 6317
1753 420 2171 490 assumtus
2214 420 2316 487 nu
2354 419 2750 488 Tmolus.

2390 555 2784 638 mutereo:
2827 554 3325 637 staaamnsi
3356 557 3615 621 nomm
3647 553 3831 621 mau-
3902 571 4021 616 m.

3863 634 4056 690 mugni-

2310 665 2526 748 gnitas
2568 665 2749 732 ιω
2802 664 3177 748 proditoris,
3227 663 3467 746 proprii
3514 663 3835 746 discipuli.
3865 703 3946 742 m

671 426 794 488 13⁰

751 680 1179 768 Doulch
1233 680 1320 755 IN
1372 680 2119 765 QUINQUAGESIMA.

1064 849 1352 922 SERMO
1393 850 1718 920 PRIMUS
1755 858 1801 920 ¹.

753 985 1070 1054 studetur
1111 986 1280 1053 araim
1315 985 1642 1069 aetatibus,
1674 982 2069 1052 attundetur
2088 1032 2107 1063 ,
2137 992 2201 1052 et

665 1093 1091 1178 flaqeuabitur
1114 1141 1133 1170 ‚
1182 1099 1243 1161 et
1296 1099 1712 1176 conspuetur,-
1761 1097 1820 1159 et
1867 1098 2201 1175 postquam

666 1202 1153 1286 flavellaverint,
1182 1199 1472 1268 occident
1511 1217 1653 1267 eum
1681 1201 1726 1264 ¹.
1756 1199 2068 1277 Quoniam
2096 1217 2199 1264 so-

665 1307 800 1374 lent
821 1327 975 1374 oves
992 1309 1234 1391 gregis,
1265 1326 1566 1391 percusso
1589 1311 1859 1391 pastore,
1881 1307 2195 1388 dispergi;

666 1415 818 1483 binc
853 1420 948 1482 est
976 1417 1148 1499 quod
1174 1416 1481 1481 Dominus
1521 1419 1735 1480 noster
1769 1413 1950 1480 Jesus
1985 1414 2199 1480 Chris-

668 1528 792 1602 tus,
832 1522 1166 1606 praesciens
1199 1541 1351 1587 suos
1385 1521 1726 1605 discipulos
1760 1521 1830 1586 in
1859 1521 2201 1604 corporalis

666 1648 803 1698 suae
845 1628 1068 1696 mortis
1115 1629 1521 1712 percussione
1558 1629 1626 1692 in
1668 1627 1930 1694 modum
1976 1629 2199 1693 ovium

668 1739 952 1822 dispergi
989 1756 1103 1820 per
1127 1738 1312 1803 devia
1338 1738 1593 1816 erroris,
1628 1736 1708 1800 ad
1733 1735 2195 1800 fortificandum

666 1864 774 1912 eos
819 1847 889 1912 in
927 1846 1036 1911 via
1068 1846 1214 1912 fidei
1257 1851 1321 1910 et
1359 1846 1427 1909 in
1463 1845 1556 1910 eis
1591 1848 1855 1909 caeteros
1894 1842 2087 1920 alioS,
2117 1860 2201 1905 ne

667 1958 918 2036 possent
943 1953 1198 2018 credere
1222 1952 1344 2018 boc
1370 1952 1491 2016 sibi
1517 1951 1799 2017 accidere
1825 1949 1906 2014 ab
1938 1951 2197 2024 eventu,

666 2062 804 2125 sive
848 2060 1248 2142 ignorantia,
1287 2058 1591 2141 dignatus
1627 2061 1724 2122 est
1767 2055 2109 2140 praedicere
2134 2055 2201 2118 in

667 2168 865 2232 verbo
902 2166 1221 2249 proposito
1264 2165 1420 2230 illud
1458 2164 1783 2229 infinitum
1821 2163 2198 2228 beneficium

665 2292 802 2340 suae
829 2273 1158 2357 passionis,
1191 2275 1258 2337 et
1289 2271 1539 2336 coeleste
1563 2270 1940 2353 mysterium
1966 2274 2202 2334 nostrae

667 2380 1139 2463 redemptionis,
1172 2383 1236 2444 et
1258 2377 1432 2461 quod
1457 2378 1593 2459 ipse
1627 2377 1792 2442 Deus
1827 2381 2109 2440 aeternus
2134 2394 2203 2441 se

665 2487 978 2552 inclinans
1025 2485 1356 2551 humiliter
1406 2483 1629 2548 mortis
1673 2500 1926 2548 crucem
1969 2483 2048 2565 (α)
2087 2500 2203 2565 pro

667 2594 869 2660 salute
899 2592 1156 2676 generis
1179 2590 1451 2658 humani
1484 2608 1633 2656 cum
1659 2590 1967 2655 desiderio
1996 2609 2203 2654 susce-

667 2701 880 2784 pisset.
907 2699 1297 2782 Exprimitur
1317 2701 1535 2762 autem
1554 2698 1624 2760 in
1637 2697 1739 2761 his
1753 2696 1964 2762 verbis
1975 2697 2203 2762 Christi

666 2808 876 2892 passio
902 2809 1215 2890 quantum
1242 2804 1324 2869 ad
1336 2806 1476 2887 ejus
1496 2803 1900 2885 principium,
1919 2806 2203 2869 medium

668 2921 732 2981 et
754 2915 1089 2992 ultimum,
1119 2914 1188 2978 in
1212 2911 1449 2994 quihus
1477 2910 1590 2976 Dei
1616 2912 1889 2993 perfecta
1926 2914 2205 2993 cognitio

669 3020 975 3087 consistit.
1007 3018 1395 3102 Principium
1441 3036 1720 3100 namque
1751 3020 2060 3102 passionis
2084 3021 2206 3086 fuit

670 3127 1035 3210 malignitas
1078 3126 1316 3209 proprii
1361 3125 1647 3207 discipuli
1664 3172 1686 3205 ,
1716 3126 2096 3209 proveniens
2122 3146 2205 3192 ex

669 3235 901 3302 diaboli
926 3234 1370 3316 suggestione3
1400 3232 1685 3298 medium
1726 3250 1875 3297 vero
1902 3233 2019 3297 fuit
2046 3251 2206 3297 con-

668 3341 1096 3426 temptibilitas
1140 3340 1343 3405 ultimi
1371 3339 1693 3423 opprobrii
1729 3340 1795 3403 in
1823 3340 2205 3421 flagellatio-

666 3468 773 3530 ne,
801 3453 865 3514 et
889 3449 1072 3514 faciei
1106 3447 1586 3530 conspuitione;
1619 3446 1728 3511 sed
1757 3446 2058 3512 ultimum
2086 3448 2205 3513 fuit

668 3557 975 3624 acerbitas
1022 3554 1293 3621 dolorosi
1349 3554 1642 3637 supplicii
1697 3555 1765 3620 in
1816 3555 2097 3637 corporis
2141 3560 2206 3618 et

669 3665 902 3730 animae
937 3662 1351 3747 separatione.
1391 3660 1606 3726 Primo
1641 3680 1799 3744 ergo
1837 3662 2205 3743 malignitas

667 3771 909 3855 proprii
935 3769 1225 3853 discipuli
1255 3773 1536 3847 notatur,
1565 3785 1713 3833 cum
1739 3768 2012 3833 dicitur:
2052 3769 2205 3836 Tra·

670 3877 853 3946 detur
885 3878 1058 3944 enim
1081 3875 1394 3960 gentibus,
1424 3875 1487 3939 id
1501 3878 1598 3940 est
1619 3874 1815 3940 Filius
1833 3874 1940 3940 Dei
1960 3895 1999 3940 a
2014 3876 2199 3956 luda,

669 3984 918 4054 diabolo
950 3986 1360 4065 suggerente.
1407 3980 1583 4046 Unde
1626 3981 1855 4046 dicitur
1878 3985 1899 4020 ⁸
1929 4004 1944 4044 ε
1984 4005 2014 4044 α
2044 3982 2202 4048 Cum

661 4094 801 4175 jam
828 4090 1114 4156 diabolus
1140 4090 1212 4156 in
1236 4106 1345 4154 cor
1370 4088 1641 4153 misisset
1663 4088 1697 4154 J
1701 4088 1869 4168 udae,
1895 4093 1969 4153 ut
1997 4090 2203 4155 trade-

670 4205 769 4270 ret
811 4218 962 4266 eum
977 4246 1000 4280 ,
1049 4221 1082 4262 s
1132 4203 1254 4266 etc.
1309 4198 1598 4266 Secundo
1649 4200 2203 4280 contemptibilitas

668 4308 876 4376 ultimi
901 4308 1248 4390 opprobrii,
1276 4325 1427 4374 cum
1453 4306 1666 4372 subdit
1700 4328 1716 4370 2
1749 4309 1839 4374 Et
1860 4307 2197 4385 wudetun

667 4422 725 4486 et
749 4415 1175 4499 flaaeuabitur
1195 4463 1216 4495 ‚
1248 4421 1307 4484 et
1329 4421 1731 4497 conspuetur.
1771 4413 2100 4480 Illusiones
2136 4420 2202 4481 et

665 4527 851 4607 sputa
875 4526 1064 4606 atque
1097 4521 1549 4606 flagellationes
1574 4524 1725 4592 sunt
1758 4521 1946 4603 signa
1986 4528 2200 4589 extre-

665 4648 791 4697 mae
830 4628 1277 4698 vilificationis.
1323 4627 1532 4694 Tertio
1586 4631 1846 4693 notatur
1893 4630 2199 4695 acerbitas

662 4736 937 4802 dolorosi
964 4735 1279 4819 supplicii,
1297 4753 1443 4800 cum
1472 4733 1826 4799 subinfert:
1857 4735 2197 4818 Postquam

660 4844 1130 4929 flaqdlaverint
1151 4891 1170 4924 ‚
1218 4841 1504 4911 occident
1556 4858 1718 4910 eum.
1778 4840 1972 4907 Valde
2019 4844 2196 4908 enim

659 4952 779 5017 fuit
804 4952 1106 5017 acerbum
1133 4951 1286 5018 illud
1317 4952 1705 5015 tormentum
1734 4947 1994 5030 Christi,
2024 4951 2195 5032 quod

657 5062 792 5124 tam
815 5057 1103 5124 celeriter
1125 5075 1275 5122 eum
1302 5055 1531 5122 occidit
1568 5078 1585 5120 :
1626 5059 1774 5120 aute
1798 5056 1972 5121 enim
2009 5057 2192 5139 obiit,

655 5184 852 5250 quam
875 5166 1007 5243 alii,
1033 5165 1147 5248 qui
1164 5183 1313 5232 cum
1333 5183 1412 5230 eo
1437 5167 1621 5230 erant
1647 5163 1960 5230 crucifixi.

720 5331 734 5360 ¹
762 5329 910 5380 Hunc
945 5340 1050 5379 non
1084 5326 1237 5379 habet
1271 5326 1392 5379 edit.
1429 5325 1585 5379 Paris.
1624 5339 1707 5377 an.
1736 5328 1875 5377 152¹.
1910 5353 1965 5363 —
1999 5328 2022 5361 ⁸
2054 5327 2188 5393 Luc„

655 5410 811 5466 xvm,
838 5401 999 5453 32-33.
1026 5424 1088 5437 —
1117 5400 1140 5436 ⁸
1163 5399 1330 5463 Joan„
1357 5409 1474 5463 1111,
1501 5400 1550 5448 2.
1579 5423 1643 5435 -
1673 5397 1697 5433 δ
1722 5396 1866 5446 Psal.
1896 5408 1986 5461 η,
2017 5401 2099 5448 10.
2133 5426 2190 5439 -

2312 771 2439 838 Ista
2468 774 2643 837 enim
2684 773 3053 854 malignitas
3096 771 3347 855 plenius
3394 773 3757 855 apparebit,
3786 773 3842 836 si

2309 878 2650 961 diligenter
2693 879 3166 944 consideremus
3207 878 3519 960 triplicem
3547 879 3848 944 conditio-

2310 1004 2460 1050 nem
2484 987 2670 1051 istam
2690 1035 2707 1063 ‚
2740 986 3201 1068 malignitatem
3227 986 3564 1068 proditoris
3595 1004 3845 1068 aggra-

2307 1099 2564 1159 vantem
2587 1143 2606 1174 ,
2637 1094 2925 1159 videlicet
2949 1094 3156 1175 primo
3182 1093 3628 1157 confidentiam
3662 1112 3847 1158 secu-

2309 1201 2511 1265 ritatis
2533 1205 2597 1265 et
2620 1199 2939 1278 amicitias,
2969 1198 3247 1264 secundo
3272 1198 3711 1264 excellentiam
3747 1200 3846 1265 di-

2310 1308 2575 1390 gnitatis
2603 1307 2960 1391 apostolicae
2981 1354 3000 1385 ,
3046 1307 3231 1372 tertio
3274 1306 3853 1388 concupiscentiam

2308 1412 2663 1494 cupiditatis
2688 1413 2998 1477 avaritiae.
3030 1411 3123 1477 Ex
3168 1412 3271 1475 bis
3297 1411 3502 1477 tribus
3544 1413 3855 1478 conditio·

2308 1518 2502 1583 nibus
2523 1523 2729 1602 potest
2753 1537 3057 1602 apparere
3072 1566 3096 1598 ‚
3134 1519 3287 1601 quia
3320 1518 3499 1583 nulla
3531 1519 3653 1584 sub
3688 1521 3857 1584 coelo

2309 1626 2516 1705 major
2540 1625 2659 1688 fuit
2690 1625 3054 1706 malignitas
3068 1672 3089 1704 ,
3118 1641 3318 1707 quam
3361 1623 3471 1688 illa
3495 1623 3705 1704 Judae,
3738 1627 3857 1707 qui

2309 1733 2617 1813 tanquam
2657 1730 2852 1795 salsus
2902 1731 3176 1810 amicus,
3226 1731 3294 1794 in
3343 1730 3597 1796 datione
3643 1731 3858 1796 osculi

2308 1837 2568 1901 tradidit
2610 1856 2837 1902 verum
2877 1840 3177 1919 amicum,
3206 1843 3272 1903 et
3296 1842 3603 1921 tanquam
3632 1839 3856 1921 ingra-

2308 1945 2412 2008 tus
2438 1944 2815 2027 discipuluS‚
2845 1945 2976 2010 imo
3001 1944 3357 2028 apostolus,
3388 1945 3641 2010 tradidit
3672 1947 3862 2011 beni-

2312 2066 2519 2130 gnum
2548 2049 2947 2132 Magistrum,
2978 2056 3284 2134 tanquam
3311 2051 3580 2134 cupidus
3596 2056 3658 2115 et
3684 2071 3863 2118 ava-

2308 2173 2445 2234 ruS,
2472 2157 2586 2220 vili
2612 2157 2812 2240 pretio
2847 2158 3161 2241 vendidit]
3173 2163 3389 2223 ustum
3414 2164 3476 2224 et
3491 2158 3698 2242 pium,
3721 2160 3864 2224 imo

2309 2283 2641 2330 summum
2668 2266 2933 2330 bonum.

2391 2371 2606 2436 Primo
2632 2390 2871 2454 magna
2895 2373 3014 2438 fuit
3042 2374 3407 2456 malignitas
3433 2375 3615 2440 Judae
3639 2377 3707 2440 in
3726 2381 3865 2442 tra·

2310 2478 2515 2542 dendo
2542 2477 2888 2543 Dominum
2906 2529 2930 2560 ‚
2961 2487 3217 2564 propter
3256 2483 3703 2549 confidentiam
3749 2504 3861 2551 se-

2311 2586 2597 2650 curitatis
2632 2590 2697 2650 et
2735 2588 3055 2653 amicitias.
3102 2587 3136 2653 J
3142 2589 3297 2653 udas
3343 2591 3516 2654 enim
3556 2608 3689 2655 non
3732 2593 3870 2658 fuit

2311 2696 2612 2757 tractatus
2646 2697 2949 2776 tanquam
2975 2699 3316 2761 extraneus
3339 2699 3583 2762 amicus
3612 2698 3717 2780 (b),
3752 2701 3868 2766 vel

2311 2807 2639 2885 suspectus
2703 2804 2948 2870 amicus
2989 2829 3007 2885 ;
3062 2807 3194 2871 imo
3243 2812 3547 2889 tanquam
3602 2810 3866 2874 amicus

2312 2928 2576 2975 securus
2605 2933 2621 2975 :
2654 2912 2807 2977 dum
2836 2931 2966 2978 non
2992 2914 3201 2979 solum
3217 2915 3867 2982 factusestaChristo

2311 3016 2389 3082 de
2414 3017 2651 3082 familia
2675 3037 2811 3098 sua,
2842 3021 3226 3088 comedendo
3242 3025 3306 3087 et
3320 3023 3591 3087 bibendo
3612 3042 3865 3106 panem

2311 3124 2379 3188 in
2407 3144 2627 3190 mensa
2653 3125 2885 3192 Christi
2908 3145 3059 3192 cum
3086 3129 3334 3194 caeteris
3360 3129 3708 3212 Apostolis3
3741 3134 3861 3198 sed

2310 3232 2501 3298 etiam
2558 3234 2760 3299 tactus
2810 3239 2906 3299 est
2965 3235 3355 3319 dispensator
3396 3239 3863 3319 temporalium

2310 3341 2508 3404 totius
2562 3340 2839 3405 familiae.
2894 3341 2973 3406 Et
3023 3343 3108 3406 ob
3156 3343 3278 3408 hoc
3321 3345 3740 3427 conqueritur
3789 3348 3865 3413 in

2311 3448 2578 3513 Psalmis
2624 3448 2927 3512 Dominus
2962 3448 3041 3514 de
3076 3450 3214 3532 ipso
3236 3450 3447 3514 dicens
3473 3451 3496 3485 ⁴
3527 3474 3543 3515 :
3580 3475 3612 3513 α
3642 3452 3863 3520 Homo

2309 3556 2480 3637 pacis
2530 3574 2713 3633 meae,
2762 3558 2830 3618 in
2874 3573 3002 3637 quo
3048 3556 3425 3640 sperabam,
3453 3557 3570 3640 qui
3615 3559 3861 3626 edebat

2309 3680 2505 3744 panes
2530 3681 2728 3740 meos,
2760 3664 3194 3745 magnificavit
3217 3683 3410 3747 super
3429 3684 3533 3729 me
3549 3667 3865 3751 supplan·

2308 3770 2543 3834 tatione
2584 3769 2683 3852 (c).
2714 3771 2869 3833 Ecce
2906 3769 3065 3834 falsa
3097 3769 3267 3835 datio
3301 3769 3618 3836 simulatae
3649 3774 3858 3855 pacis.

2309 3875 2487 3942 Unde
2502 3877 2653 3942 dicit
2674 3878 2735 3941 ei
2758 3876 2980 3943 Jesus⁸
3006 3899 3023 3941 :
3048 3876 3222 3944 Iuda
3245 3877 3360 3958 (d),
3387 3877 3597 3946 osculo
3626 3880 3861 3959 filium

2308 3984 2588 4052 hominis
2635 3983 2847 4051 tradis
2875 3985 2911 4050 Ρ
2956 3983 3439 4067 Chrysostomus
3475 3984 3499 4021 ‘
3550 4006 3566 4049 :
3616 4009 3651 4048 α
3685 3986 3855 4053 Cum

2306 4091 2534 4156 dicitur
2549 4091 2685 4158 Pax
2697 4092 2835 4156 coeli
2860 4091 2909 4171 ⁷,
2939 4092 3008 4155 in
3033 4091 3252 4157 osculo
3279 4095 3516 4157 temere
3544 4094 3854 4178 traditur,

2306 4197 2609 4279 alligatur
2634 4199 2811 4264 omni
2838 4216 3037 4278 nexu,
3067 4217 3106 4263 a
3132 4198 3289 4264 falso
3323 4199 3558 4264 veritas
3585 4219 3860 4268 accusa-

2306 4308 2433 4370 tur.
2450 4326 2482 4364 1>
2505 4305 2584 4370 In
2608 4320 2738 4387 quo
2751 4304 3080 4388 sperabam
3098 4322 3120 4370 .·
3137 4323 3280 4371 ecce
3308 4305 3859 4376 confidentiaani-

2306 4431 2432 4480 mae
2458 4421 2523 4480 et
2563 4414 2866 4479 securitas
2885 4414 2969 4496 (d)
3000 4413 3449 4497 magnificavit
3473 4430 3667 4497 super
3690 4433 3794 4484 me
3830 4438 3851 4483 t

2305 4538 2448 4585 ecce
2495 4522 2888 4588 immensitas
2952 4521 3370 4603 malignitatis
3412 4521 3446 4587 J
3451 4521 3614 4588 udae.
3663 4522 3861 4591 Unde

2304 4627 2607 4696 Dominus
2644 4630 2793 4695 dicit
2825 4630 2904 4694 de
2936 4628 3100 4696 Juda
3123 4630 3147 4667 ⁸
3178 4651 3196 4694 ς
3236 4654 3267 4692 ι
3294 4629 3503 4696 Amen
3545 4629 3685 4696 dico
3720 4651 3848 4697 vo-

2302 4734 2402 4800 bis
2421 4783 2439 4814 ,
2482 4737 2786 4819 quoniam
2819 4754 2991 4802 unus
3030 4754 3113 4802 ex
3142 4736 3324 4804 vobis
3357 4755 3463 4802 me
3487 4737 3851 4806 traditurus

2303 4847 2417 4925 est,
2451 4846 2563 4927 qui
2600 4844 2938 4909 manducat
2974 4862 3247 4909 mecum.
3279 4865 3311 4903 ιι

2383 4951 2668 5017 Secundo
2701 4969 2938 5032 magna
2980 4949 3346 5034 malignitas
3383 4952 3506 5018 fuit
3540 4952 3727 5019 Judae
3768 4953 3846 5019 in

2300 5094 2320 5124 ⁸
2346 5091 2481 5158 Luc„
2510 5104 2646 5157 xxu,
2673 5093 2751 5144 48.
2780 5120 2844 5133 -
2868 5094 2888 5124 ⁸
2915 5091 3179 5158 Chrysost.
3204 5119 3265 5134 -
3300 5095 3317 5125 ⁷
3346 5096 3511 5146 Locus
3542 5099 3839 5161 corruptus.

2300 5190 2362 5203 —
2387 5163 2410 5200 ⁸
2437 5163 2616 5231 um„
2645 5175 2757 5230 nv,
2791 5167 2869 5218 18.

2367 5255 2430 5316 (α)
2455 5254 2570 5318 Leq.
2597 5258 2818 5305 mortem
2845 5255 3030 5306 crucis.
3053 5281 3112 5294 -
3141 5255 3213 5321 (ὁ)
3246 5255 3359 5306 Del.
3388 5257 3602 5320 amicus,
3622 5256 3708 5307 vel
3734 5257 3839 5323 leq.

2299 5324 2554 5376 inimicus.
2585 5353 2640 5363 —
2669 5326 2728 5390 (c)
2758 5327 2881 5378 eat.
2909 5326 3030 5379 edit.
3058 5327 3401 5392 supplantavit
3426 5342 3509 5379 me
3537 5329 3837 5394 supplanta-

2298 5397 2436 5449 tione
2463 5396 2602 5461 pacis
2628 5411 2778 5450 meae.
2807 5422 2869 5435 —
2899 5398 2975 5464 (d)
3004 5399 3127 5450 uem
3140 5398 3310 5451 ludas.
3339 5426 3403 5437 —
3434 5399 3497 5465 (e)
3526 5401 3835 5453 securitatis.
