4059 6317
669 632 818 699 quae
847 612 928 696 (a)
964 609 1227 676 insimul
1249 607 1446 674 hahet
1471 623 1622 672 cum
1649 605 1979 670 affluentia
2002 604 2196 670 diffii-

667 720 897 799 sionis,
949 717 1109 783 nulli
1150 716 1258 781 dat
1285 734 1403 781 sua
1443 712 1721 797 pretiosa
1746 712 1917 777 dona
1945 710 2200 794 gratiae,

664 828 786 892 nisi
810 826 1150 908 diligenter
1187 841 1255 888 se
1307 823 1659 905 praeparet;
1706 819 1849 885 ideo
1893 818 2203 884 Dominus

663 938 880 1000 noster
905 932 1087 999 ,Iesus
1137 929 1426 995 Christus
1450 977 1470 1008 ‚
1513 927 1595 992 ad
1639 927 1761 991 hoc
1801 930 1875 990 ut
1914 924 2204 1008 discipuli

665 1043 767 1106 sui
784 1039 997 1106 idonei
1013 1043 1224 1105 esseut
1239 1037 1319 1104 ad
1342 1034 1780 1119 recipiendum
1802 1032 2202 1098 influentiam

664 1147 983 1213 diffiisivae
1007 1146 1307 1212 bonitatis
1323 1193 1343 1225 ,
1371 1144 1440 1208 in
1479 1142 1681 1207 verbo
1709 1139 2028 1224 proposito
2053 1155 2165 1203 eos
2180 1185 2200 1218 ,

663 1259 727 1320 et
755 1255 826 1319 in
851 1255 944 1320 eis
968 1252 1318 1337 quemlibet
1352 1253 1646 1317 nostrum
1694 1248 1945 1311 invitat.
1987 1244 2204 1309 Primo

576 1371 593 1383 ‘
662 1363 907 1428 inducit
932 1363 1014 1428 ad
1039 1359 1520 1426 convenientem
1562 1354 2051 1438 congruentiam
2089 1352 2205 1417 de-

662 1471 814 1535 hitae
837 1468 1315 1553 praeparationis
1332 1514 1353 1546 ,
1382 1484 1465 1531 ex
1496 1467 1674 1547 parte
1701 1460 1939 1541 nostri3
1971 1477 2203 1525 secuu-

662 1578 745 1643 do
787 1577 1011 1642 asserit
1055 1576 1382 1640 liberalem
1437 1571 1832 1637 affluentiam
1903 1584 2202 1650 supernae

663 1682 1017 1748 diffusionis
1030 1730 1051 1762 ,
1082 1699 1164 1747 ex
1189 1685 1367 1765 parte
1402 1679 1547 1757 Dei;
1597 1675 1791 1742 tertio*
1823 1674 2028 1759 aperit
2073 1671 2203 1739 uti-

662 1792 789 1857 lem
816 1792 1179 1870 efficaciam,
1209 1808 1289 1855 ex
1317 1793 1495 1873 parte
1522 1785 1695 1852 doni.
1727 1784 1946 1850 Primo
1972 1798 2201 1846 conve-

662 1899 902 1963 nientia
926 1898 1154 1964 dehitae
1183 1892 1664 1980 praeparationis
1681 1909 1765 1956 ex
1791 1894 1969 1974 parte
2000 1887 2201 1954 nostri

662 2009 947 2084 notatur,
994 2023 1144 2070 cum
1188 2003 1420 2067 dicitur
1452 2023 1468 2063 ε
1501 2001 1699 2067 Petite
1739 2016 1763 2064 .·
1802 1996 1982 2062 nulla
2024 1994 2201 2060 enim

663 2112 887 2177 melior
909 2110 1289 2196 praeparatio
1310 2108 1391 2173 ad
1409 2106 1888 2190 impetrandum
1911 2102 2200 2168 divinam

666 2220 938 2302 gratiam
957 2266 980 2299 ‚
1040 2235 1235 2303 quam
1290 2216 1511 2299 petitio
1560 2214 1808 2280 devotae
1865 2208 2198 2277 orationis.

663 2328 954 2395 Secundo
977 2331 1233 2393 notatur
1249 2323 1578 2390 affluentia
1596 2337 1891 2404 supernae
1918 2315 2202 2383 diffusio-

662 2438 764 2501 nis
788 2454 870 2500 ex
896 2438 1074 2519 parte
1096 2433 1239 2513 Dei,
1271 2451 1418 2497 cum
1447 2429 1742 2495 subditur
1768 2448 1786 2492 ι
1816 2427 1903 2493 Et
1928 2425 2201 2507 accipie·

667 2550 754 2613 tis
776 2545 993 2629 :quasi
1019 2544 1256 2609 diceret
1283 2561 1302 2606 ε
1332 2539 1554 2606 Tautae
1575 2535 1966 2603 liberalitatis
1991 2539 2055 2600 et
2082 2533 2199 2599 dif-

666 2653 933 2718 fusionis
957 2655 1054 2717 est
1089 2649 1305 2716 divina
1342 2646 1633 2725 bonitaS,
1672 2649 1747 2709 ut
1785 2644 1856 2707 in
1889 2640 2077 2707 nohis
2118 2639 2202 2704 sit

666 2761 966 2844 accipere.
1011 2755 1223 2823 Tertio
1260 2760 1518 2821 notatur
1553 2751 1832 2818 efficacia
1870 2748 2200 2832 completae

666 2865 1064 2951 perfectionis
1088 2882 1171 2930 ex
1201 2868 1377 2946 parte
1393 2861 1570 2941 doni,
1591 2877 1743 2925 cum
1763 2857 2194 2923 subinfertur:

675 2976 752 3043 Ut
775 2972 1087 3059 aaudcum
1112 2976 1388 3039 vestrum
1414 2969 1676 3052 plenum
1700 2967 1814 3033 sit.

743 3081 905 3146 Dicit
951 3096 1157 3161 ergo.
1200 3078 1464 3145 Petite.-
1509 3073 1624 3140 ubi
1670 3089 1789 3136 nos
1833 3067 2076 3133 inducit
2118 3003 2199 3130 ad

664 3188 1143 3254 convenientem
1170 3180 1658 3265 congruentiam
1684 3177 1913 3244 debitae
1940 3173 2201 3257 disposi-

666 3296 853 3362 tionis
894 3312 979 3359 ex
1023 3296 1203 3376 parte
1238 3289 1463 3355 nostri.
1499 3287 1612 3352 Ille
1653 3285 1829 3351 enim
1879 3281 2088 3347 debite
2130 3299 2201 3345 se

664 3401 942 3486 disponit
961 3399 1038 3464 ad
1060 3398 1346 3464 divinam
1366 3394 1644 3478 gratiam
1664 3395 1980 3475 quantum
2007 3392 2102 3454 est
2119 3388 2198 3454 de

453 3525 642 3577 Quomo-
666 3530 765 3591 se,
794 3510 907 3593 qui
935 3506 1130 3592 petit,
1159 3504 1402 3590 primo,
1444 3499 1793 3578 sinceriter,
1826 3515 1975 3562 cum
2015 3498 2199 3561 recti·

426 3586 529 3692 ‘⁸¹11‘
535 3589 641 3703 {³52⁰
668 3617 886 3683 tudine
912 3611 1309 3680 conscientiae
1355 3609 1425 3672 in
1457 3605 1828 3673 declinando
1856 3604 2061 3682 mala;
2096 3621 2196 3668 se-

427 3709 560 3754 ¹⁸¹¹⁶⁸³
564 3722 627 3754 ¹¹¹·
666 3724 904 3803 cundo,
934 3720 1304 3805 prudenter,
1335 3727 1485 3782 cum
1512 3713 1889 3779 discretione
1918 3711 2198 3795 pruden-

666 3834 773 3899 tiae
821 3832 893 3895 in
927 3827 1224 3911 eligendo
1264 3826 1467 3904 bona;
1513 3822 1700 3888 tertio
1727 3867 1745 3900 ‚
1795 3818 2195 3899 fiducialiter,

664 3958 812 4006 cum
856 3936 1235 4006 certitudine
1276 3931 1673 3997 confidentiae
1706 3930 1773 3993 in
1807 3927 2199 4011 expectando

663 4049 900 4113 futura.
931 4044 1147 4110 Primo
1165 4092 1188 4123 ,
1219 4042 1420 4126 petite
1440 4038 1786 4116 sinceriter,
1817 4054 1965 4101 cum
2001 4036 2197 4100 recti-

663 4155 887 4222 tudine
912 4149 1316 4218 conscientiae
1343 4147 1409 4211 in
1441 4144 1813 4212 declinando
1838 4143 2007 4209 mala
2028 4165 2046 4218 ;
2079 4161 2197 4207 un-

662 4263 741 4328 de
760 4263 822 4327 ¹:
853 4255 1287 4334 «Char-issimi,
1308 4254 1364 4318 si
1377 4270 1485 4318 cor
1501 4255 1794 4317 nostrum
1820 4268 1949 4314 non
1976 4267 2194 4334 repre·

663 4370 881 4435 hendit
913 4384 1060 4446 ιιοε,
1094 4362 1396 4429 fiduciam
1427 4359 1738 4424 habemus
1767 4356 1842 4439 (b)
1872 4355 2193 4435 adDeum‚

660 4484 723 4542 et
743 4479 817 4558 (c)
841 4487 1265 4558 quaecumque
1292 4466 1684 4551 petierimus,
1714 4463 2097 4546 accipiemus
2114 4464 2197 4529 ab

660 4587 818 4669 ipso.
850 4603 883 4643 n
918 4580 1093 4646 Sicut
1114 4576 1285 4641 enim
1310 4571 1440 4652 sol,
1481 4587 1632 4636 cum
1658 4572 1754 4635 est
1777 4587 1889 4634 aer
1918 4568 2193 4652 depura-

661 4699 765 4759 tus
807 4707 923 4774 per
960 4682 1412 4752 resolutionem
1450 4676 1723 4743 nubium
1739 4723 1760 4755 ,
1808 4675 2003 4741 mittit
2046 4694 2194 4741 suos

659 4798 904 4874 radios,
951 4796 1017 4858 et
1052 4789 1403 4856 claritatem
1442 4784 1544 4849 sui
1588 4782 1853 4849 luminis
1894 4800 2009 4863 per
2046 4800 2196 4847 aera

658 4904 956 4972 diffundit
982 4900 1479 4978 circumquaque
1497 4940 1516 4973 ‚
1563 4893 1655 4957 sic
1680 4890 1847 4956 Deus
1872 4889 1966 4954 sol
1997 4890 2196 4972 justi-

656 5014 763 5078 tiae
790 5013 854 5076 in
881 5027 991 5076 cor
1029 5003 1345 5071 mundum
1388 5005 1453 5065 et
1478 5003 1723 5064 rectum
1744 5044 1766 5077 ,
1794 4997 1864 5061 in
1904 5014 2034 5079 quo
2060 5014 2192 5060 non

653 5126 747 5186 est
768 5133 1090 5184 remorsus
1109 5107 1505 5177 conscientias
1519 5153 1537 5184 ‚
1563 5104 1839 5171 infundit
1863 5102 2031 5168 dona
2051 5120 2189 5168 suae

651 5225 882 5309 gratiae
931 5218 1348 5289 abundanter.
1402 5211 1544 5279 Non
1596 5216 1692 5278 est
1738 5210 1911 5276 enim
1951 5226 2189 5275 conve-

717 5388 986 5448 tiam„
1016 5395 1107 5444 ιιι,
1135 5384 1216 5434 21.
1248 5379 1451 5429 -2111
1485 5377 1620 5440 seq
1647 5385 1738 5438 ιιι,
1766 5375 1847 5425 12.
1877 5398 1938 5410 -
1969 5371 2181 5436 ’,κιαι

653 5452 1346 5526 v11‚-23.—⁴Exuattk.‚
1377 5446 1980 5512 xvi‚26.-—⁸l.!oan.,
2008 5448 2176 5509 ν,14.
2292 5453 2448 5501 ιιι-

1759 460 2178 536 SERMONES
2221 464 2321 536 DE
2360 470 2758 541 TEMPORE.

2314 606 2498 673 niens
2516 657 2534 690 ,
2561 614 2640 676 ut
2677 611 2926 677 coeleste
2968 630 3189 679 aroma
3222 611 3450 694 gratiae
3480 616 3742 696 ponatur
3763 613 3826 678 in

2314 714 2531 782 foetido
2559 734 2715 784 vase
2740 718 2968 785 cordis.
3000 719 3292 786 Secundo
3307 767 3325 798 ‚
3354 721 3546 803 petite
3577 720 3828 803 pruden-

2314 825 2416 886 ter
2431 870 2449 899 ‚
2509 842 2659 889 cum
2735 826 3111 894 discretione
3161 826 3520 911 prudentiae
3588 826 3655 891 in
3724 826 3826 891 eli-

2313 929 2527 1009 gendo
2563 931 2765 1013 bona;
2813 934 2988 999 unde
3025 934 3106 999 de
3140 934 3479 1001 Salomone
3523 932 3741 1000 dicitur
3762 934 3826 997 ¹:

2323 1057 2355 1095 α
2376 1035 2540 1112 Quia
2565 1038 2894 1120 postulasti
2923 1041 3189 1105 verbum
3213 1040 3360 1121 hoc,
3389 1045 3453 1106 et
3475 1058 3603 1106 non
3637 1038 3831 1123 petisti

2313 1142 2429 1206 tibi
2454 1143 2591 1208 dies
2618 1145 2854 1212 multos
2876 1194 2895 1225 ,
2945 1165 3064 1212 nec
3107 1148 3397 1227 divitia3‚
3445 1150 3562 1212 aut
3603 1147 3831 1212 animas

2310 1248 2719 1316 inimicorum
2745 1256 3007 1318 tuorum
3030 1301 3052 1333 ‚
3082 1254 3193 1319 sed
3232 1255 3563 1337 postulasti
3593 1255 3828 1338 sapien-

2311 1356 2470 1421 tiam
2511 1357 2626 1423 tibi
2654 1358 2737 1424 ad
2781 1359 3269 1426 discernendum
3301 1361 3621 1444 judicium
3638 1409 3659 1441 ,
3703 1378 3834 1427 ecce

2311 1462 2430 1530 feei
2458 1464 2807 1529 secundum
2835 1484 3163 1532 sermones
3187 1471 3334 1533 tuos
3360 1489 3377 1533 τ
3407 1490 3440 1530 n
3475 1469 3655 1552 quasi
3681 1467 3835 1533 dicat

2314 1568 2481 1635 Deus
2507 1591 2523 1635 ε
2558 1570 2720 1648 Quia
2743 1591 2876 1638 non
2902 1574 3112 1656 petisti
3138 1574 3547 1641 diui-nitatem
3575 1575 3742 1654 vitae,
3769 1577 3837 1639 ut

2310 1676 2651 1744 elevareris
2692 1679 2761 1745 in
2805 1681 3211 1764 superbiam3
3274 1701 3391 1748 nec
3439 1682 3837 1766 cupiditatem

2310 1786 2623 1868 pecuniae,
2647 1790 2721 1852 ut
2746 1786 3190 1870 deprimereris
3207 1807 3323 1873 per
3348 1788 3702 1869 avaritiam;
3729 1806 3837 1853 nec

2309 1891 2701 1975 impietatem
2747 1893 3046 1960 vindictae
3061 1941 3079 1972 ‚
3122 1900 3196 1961 ut
3237 1897 3691 1980 perverteretis
3735 1913 3839 1978 per

2309 1999 2655 2080 invidiam,
2685 2001 2795 2066 sed
2835 2002 3165 2085 postulasti
3193 2004 3307 2068 tibi
3356 2005 3729 2088 sapientiam
3763 2005 3837 2068 ad

2308 2109 2794 2177 discernendum
2823 2116 2886 2175 et
2924 2110 3293 2193 eligendum
3337 2113 3584 2177 bonum
3625 2111 3841 2195 gratiae

2309 2234 2351 2281 a
2374 2217 2546 2284 malo
2579 2218 2783 2301 culpae
2818 2240 2835 2283 z
2883 2218 3025 2284 ideo
3052 2219 3423 2302 petitionem
3449 2224 3634 2286 tuam
3661 2220 3839 2286 effec-

2308 2325 2404 2389 tui
2449 2325 2832 2408 mancipavi.
2865 2325 2953 2390 De
2991 2327 3116 2391 hoc
3159 2327 3452 2393 similiter
3497 2331 3707 2410 potest
3738 2344 3843 2392 ex-

2309 2432 2461 2514 poni
2486 2432 2685 2498 illud⁸
2722 2451 2739 2498 :
2780 2455 2812 2493 α
2839 2431 2993 2509 Quae
3023 2437 3120 2498 est
3154 2434 3374 2517 petitio
3414 2437 3563 2515 tua,
3601 2434 3838 2513 Esther,

2309 2543 2375 2602 et
2414 2539 2568 2622 quid
2614 2541 2714 2606 vis
2756 2541 2871 2605 tibi
2925 2540 3107 2606 fleri?
3162 2540 3370 2607 Etiam
3409 2542 3466 2606 si
3517 2541 3840 2608 dimidiam

2307 2648 2557 2720 partem
2596 2646 2787 2728 regni
2837 2647 2964 2711 mei
3012 2647 3270 2730 petieris
3289 2697 3306 2729 ‚
3358 2648 3521 2714 dabo
3569 2649 3710 2714 tibi.
3768 2646 3843 2714 Et

2308 2751 2398 2815 ait
2428 2772 2444 2816 ε
2476 2749 2547 2816 Si
2580 2751 2800 2817 inveni
2845 2753 3122 2834 gratiam
3167 2772 3383 2820 coram
3419 2761 3483 2820 te
3504 2804 3521 2834 ‚
3561 2757 3647 2821 da
3686 2755 3839 2821 mihi

2308 2859 2592 2924 animam
2618 2878 2853 2940 meam,
2886 2865 2950 2925 et
2974 2862 3285 2945 populum
3311 2881 3428 2946 pro
3444 2881 3575 2947 quo
3604 2881 3783 2945 rogo.
3802 2883 3832 2922 n

2309 2964 2378 3030 Si
2400 2983 2563 3049 ergo
2589 2967 2709 3031 ista
2736 2968 2988 3050 sapiens
3016 2968 3245 3034 mulier
3262 2970 3611 3053 praeposuit
3640 2969 3724 3054 (d)
3753 2986 3843 3033 sa-

2307 3070 2508 3137 lutem
2533 3073 2813 3157 corporis
2839 3074 2940 3139 sui
2962 3123 2980 3155 ‚
3027 3079 3092 3139 et
3114 3077 3598 3159 proximorum,
3629 3075 3845 3158 regnis

2308 3183 2371 3243 et
2397 3179 2653 3245 sedibus
2674 3228 2695 3260 ,
2725 3180 2931 3246 multo
2963 3182 3190 3247 fortius
3216 3201 3334 3248 nos
3360 3183 3668 3249 debemus
3694 3200 3838 3267 prae·

2308 3303 2544 3368 ponere
2589 3287 2663 3371 (e)
2709 3286 2979 3352 salutem
3034 3288 3267 3355 animae
3312 3290 3618 3356 omnibus
3667 3290 3849 3356 bonis

2309 3395 2577 3459 terrenis
2593 3442 2615 3475 ‚
2646 3394 2726 3461 ad
2751 3395 2924 3478 quod
2948 3395 3096 3479 plus
3118 3401 3216 3462 est
3241 3397 3458 3464 anima
3482 3417 3682 3482 quam
3709 3416 3848 3465 cor-

2307 3519 2431 3583 pus
2456 3549 2474 3580 ‚
2507 3504 2530 3540 ⁸
2565 3523 2598 3563 α
2625 3520 2744 3567 nec
2771 3502 3029 3586 prodest
3070 3504 3428 3589 quidquam
3472 3504 3718 3571 homini
3739 3553 3759 3585 ‚
3793 3505 3847 3569 si

2305 3605 2685 3674 universum
2725 3609 3040 3675 mundum
3079 3610 3379 3691 lucretur,
3416 3612 3655 3679 animae
3693 3630 3848 3679 vero

2307 3733 2444 3781 suae
2501 3715 2964 3783 detrimentum
3008 3737 3040 3776 ιι
3094 3718 3322 3782 mortis
3373 3741 3406 3780 α
3442 3719 3723 3801 patiatur
3742 3767 3765 3798 ,
3805 3740 3837 3779 n

2306 3823 2459 3906 quia
2505 3845 2537 3885 α
2584 3822 2765 3888 nulla
2811 3823 3226 3889 commutatio
3270 3827 3478 3907 potest
3529 3825 3674 3891 dari
3730 3845 3848 3911 pro

2306 3931 2545 3994 anima.
2584 3952 2615 3989 ιι
2644 3928 2857 3995 Tertio
2877 3976 2900 4008 ,
2927 3931 3120 4013 petite
3145 3930 3521 3997 fiducialiter
3540 3950 3693 3998 cum
3718 3951 3847 3998 cer·

2305 4036 2574 4102 titudine
2599 4037 2999 4103 confidentiae
3020 4083 3038 4116 ,
3068 4037 3138 4100 in
3165 4038 3557 4121 expectando
3599 4040 3840 4118 futura3

2304 4142 2520 4208 unde⁸
2557 4162 2574 4208 ε
2610 4166 2642 4204 ι
2670 4142 2823 4208 Haec
2872 4149 2968 4208 est
3011 4144 3245 4210 fiducia
3287 4163 3483 4229 quam
3531 4145 3845 4213 hahemus

2304 4249 2382 4315 ad
2410 4248 2612 4315 Deum
2635 4298 2654 4331 ‚
2689 4250 2860 4332 quod
2894 4268 3318 4335 quaecumque
3341 4253 3721 4336 petierimus
3745 4272 3841 4320 se-

2304 4357 2587 4422 cumdum
2631 4357 3027 4424 voluntatem
3071 4359 3240 4441 ejus,
3293 4359 3510 4425 audiet
3551 4378 3671 4426 nos
3719 4382 3737 4428 z
3781 4366 3846 4427 et

2303 4464 2571 4544 scimus,
2616 4465 2769 4547 quia
2817 4465 3030 4531 audiet
3073 4483 3229 4546 nos,
3271 4485 3701 4553 quascumque
3735 4489 3843 4553 pe·

2300 4566 2612 4631 tierimus.
2664 4587 2696 4626 n
2732 4567 2995 4645 Quando
3013 4571 3144 4633 *est
3187 4568 3418 4652 aliquis
3469 4572 3848 4638 naturaliter

2300 4677 2592 4744 diffidens
2617 4680 2695 4745 de
2720 4697 2838 4746 sua
2865 4680 3236 4763 impotentia
3256 4730 3274 4763 ,
3319 4682 3716 4750 confidenter
3741 4702 3847 4749 re·

2301 4786 2504 4851 currit
2529 4785 2611 4852 ad
2635 4787 2920 4854 divinam
2946 4788 3386 4854 clementiam:
3416 4792 3632 4856 statim
3658 4793 3847 4857 mise-

2299 4893 2497 4957 ricors
2523 4893 2688 4958 Deus
2714 4912 2901 4959 aures
2928 4913 3065 4960 suae
3093 4895 3344 4979 pietatis
3373 4897 3454 4962 ad
3489 4898 3841 4965 exaudien-

2298 4999 2456 5065 dum
2500 5003 2640 5083 ejus
2680 5019 2898 5084 preces
2941 5002 3284 5069 clementer
3332 5003 3644 5088 inclinat,
3682 5006 3842 5073 dum

2297 5109 2513 5172 tamen
2538 5125 2671 5172 non
2698 5113 2949 5191 petatur
2974 5110 3146 5192 quod
3174 5111 3259 5175 sit
3297 5112 3690 5178 contrarium
3738 5132 3839 5180 sa-

2294 5213 2415 5279 luti
2465 5231 2642 5296 suae,
2686 5215 2791 5282 vel
2840 5216 3175 5298 proximi.
3221 5217 3377 5302 quia
3424 5218 3568 5284 talis
3612 5221 3839 5303 petitio

2357 5377 2427 5442 (α)
2459 5378 2572 5442 leq.
2601 5391 2776 5442 quam.
2776 5403 2841 5417 -—
2858 5377 2926 5442 (b)
2946 5379 3070 5431 Coet.
3098 5377 3219 5432 edit.
3239 5379 3540 5434 habeamus.
3540 5407 3605 5423 —
3623 5383 3690 5449 (c)
3709 5384 3832 5438 (tm

2382 5448 2543 5515 -(d)
2561 5449 2934 5515 proposuit-
2960 5452 3024 5513 (e)
3053 5450 3178 5502 uem
3202 5463 3512 5517 proponere
