4059 6317
654 414 775 475 624

654 559 888 603 summa
913 539 1293 619 philosophia
1332 542 1421 598 est
1455 538 1688 598 assidua
1715 540 1920 598 mortis
1947 541 2199 599 medita-

655 637 760 696 tio.
794 643 806 672 ¹
836 659 864 687 ι
894 638 958 694 ln
986 633 1264 694 omnibus
1291 632 1573 708 operibus
1599 633 1714 689 tuis
1730 649 2061 692 memorare
2087 650 2197 692 no·

655 731 896 789 vissima
919 732 1044 800 tua,
1071 732 1128 786 et
1153 728 1214 784 in
1226 730 1508 785 aeternum
1526 742 1644 785 non
1659 728 1952 800 peccabis,
1973 749 2002 781 ι»
2025 727 2200 797 Quod

655 827 1016 899 pertractans
1064 820 1395 880 Bernardus
1436 820 1517 877 ait
1548 818 1571 852 ²
1616 839 1631 877 ε
1670 841 1698 873 α
1725 820 2052 879 Novissima
2099 827 2200 878 tua

656 922 818 986 sunt,
866 932 1064 987 mors,
1105 914 1430 987 judicium,
1469 913 1761 986 gehenna.
1808 913 1962 971 Nihil
2007 916 2198 971 morte

654 1010 997 1068 horribilius
1018 1052 1033 1079 ,
1068 1008 1217 1067 nihil
1257 1007 1484 1079 jndicio
1525 1006 1881 1079 terribilius,
1915 1005 2065 1064 nihil
2101 1022 2201 1080 ge-

655 1105 854 1162 henna
899 1102 1331 1162 intolerabilius
1354 1100 1655 1174 cogitanti.
1695 1120 1723 1154 n
1763 1099 1852 1158 Ad
1875 1099 2201 1174 perfectum

656 1213 800 1272 ergo
854 1201 1262 1271 contemptum
1309 1194 1567 1270 peccati,
1614 1198 1674 1253 et
1716 1193 1766 1252 si
1806 1194 2006 1251 multis
2030 1193 2202 1251 annis

656 1293 868 1350 vixerit
885 1292 1071 1350 homo
1091 1333 1112 1363 ,
1141 1289 1287 1349 etin
1327 1289 1420 1346 his
1459 1288 1738 1347 omnibus
1790 1287 1957 1345 laetus
2004 1286 2197 1353 fuerit,

656 1388 993 1445 meminisse
1018 1386 1196 1444 debet
1221 1384 1518 1444 tenebrosi
1545 1384 1851 1459 temporis,
1881 1386 1991 1441 etc.
2022 1381 2136 1441 Sed
2164 1397 2202 1439 a

657 1480 1131 1539 consideratione
1195 1479 1402 1537 mortis
1465 1478 1674 1536 avertit
1728 1476 2202 1550 concupiscentia

659 1575 824 1646 vitae,
865 1574 1168 1632 alienatrix
1208 1575 1495 1632 mentium
1521 1574 1543 1609 ³
1574 1590 1589 1629 ε
1625 1593 1654 1625 α
1677 1576 1798 1631 Una
1839 1575 1926 1629 est
1969 1574 2198 1643 catena,

658 1684 792 1743 quae
821 1667 1092 1740 alligatos
1134 1682 1343 1726 omnes
1369 1683 1474 1724 nos
1500 1670 1691 1737 tenet,
1719 1686 1748 1721 n
1782 1664 2002 1723 scilicet
2030 1679 2203 1723 amor

658 1763 809 1820 vitoe.
837 1765 964 1820 Non
1000 1765 1088 1820 est
1128 1761 1296 1836 quod
1350 1777 1513 1819 mors
1553 1761 1867 1819 timeatur:
1904 1781 1934 1814 ιι
1961 1759 2202 1819 Stultius

661 1858 820 1914 enim
851 1855 999 1914 nihil
1025 1859 1111 1913 est
1138 1855 1468 1913 secundum
1490 1855 1688 1929 ipsum
1709 1852 1752 1924 ⁸,
1781 1870 1965 1929 quam
1990 1854 2203 1911 timore

659 1949 864 2007 mortis
891 1951 1065 2007 mori.
1095 1969 1125 2004 ι
1159 1951 1254 2006 Est
1279 1952 1480 2006 tamen
1516 1964 1653 2006 oum
1685 1946 1952 2020 diligenti
2000 1946 2203 2021 dispo·

659 2043 870 2101 sitione
937 2042 1422 2101 certitudinaliter
1478 2041 1895 2114 exspectanda.
1974 2039 2137 2098 Unde
2185 2057 2200 2097 ε

663 2140 1008 2197 «incertum
1045 2140 1169 2207 est,
1215 2151 1338 2210 quo
1385 2139 1439 2194 te
1490 2134 1628 2194 loco
1685 2151 1847 2193 mors
1891 2134 2144 2208 excipiet
2183 2151 2198 2190 ε

658 2231 856 2304 itaque
880 2233 945 2288 tu
974 2229 1139 2288 illam
1168 2229 1331 2288 omni
1359 2229 1495 2288 loco
1524 2232 1815 2303 exspecta.
1849 2248 1877 2282 n

729 2327 895 2386 Circa
913 2328 1239 2387 secundum
1258 2327 1607 2402 principale,
1633 2326 1919 2403 proponit
1936 2326 2112 2384 nobis
2139 2325 2202 2384 in

659 2421 965 2496 speculum
1021 2421 1452 2495 intelligentias,
1507 2425 1737 2479 reatum
1784 2419 2200 2493 obligationis,

660 2532 797 2574 cum
825 2515 1028 2573 addit:
1063 2517 1397 2573 vinctorum.
1428 2496 1863 2574 Attendendu'm
1890 2513 2069 2586 igitur
2095 2516 2201 2585 est,

661 2609 829 2683 quod
857 2610 1007 2667 sicut
1043 2608 1280 2667 vincula
1318 2608 1616 2667 durissimi
1653 2607 1903 2666 carceris
1932 2605 2207 2665 auferunt

659 2706 997 2764 facultatem
1051 2705 1375 2779 operandi,
1430 2705 1764 2764 libertatem
1818 2703 2200 2777 ambulandi,

659 2806 1004 2877 potestatem
1027 2800 1214 2859 libere
1243 2800 1490 2874 agendi,
1521 2804 1578 2858 et
1611 2798 1868 2857 inierunt
1894 2798 2202 2856 necessita-

660 2898 781 2953 tem
802 2895 1124 2967 tolerandi3
1164 2896 1249 2952 sic
1290 2893 1603 2952 animabus
1644 2892 1974 2967 purgandis
2004 2906 2206 2950 carcer

660 2989 985 3063 purgatorii
1013 2988 1210 3048 reddit
1246 2988 1520 3047 meritum
1562 2985 1927 3062 impossibile
1942 3026 1964 3059 ,
1988 2986 2205 3059 jugum

660 3082 1066 3157 ineffugabile,
1095 3081 1362 3141 debitum
1390 3080 1730 3146 insolubile,
1759 3079 2099 3139 incendium
2119 3078 2205 3135 in·

661 3176 987 3235 tolerabile.
1028 3180 1161 3235 llaec
1188 3180 1386 3234 autem
1413 3178 1670 3249 quatuor
1713 3173 1790 3231 de
1833 3173 1957 3231 istis
1995 3173 2205 3230 vinctis

664 3270 1248 3345 comprehenduntur
1285 3267 1463 3327 unico
1492 3283 1667 3325 versu
1692 3266 1907 3340 psalmi
1935 3268 1957 3302 ⁸
1989 3286 2005 3323 z
2043 3286 2072 3320 κ
2101 3269 2202 3326 Se-

665 3364 869 3423 dentes
923 3365 985 3423 in
1036 3363 1331 3435 tenebris,
1368 3384 1399 3418 ι)
1431 3364 1541 3420 etc.
1579 3362 1824 3420 Tenebroe
1871 3360 2208 3436 impediunt

663 3457 1091 3532 operationem,
1118 3458 1337 3515 vincula
1358 3455 1698 3514 evasionem
1714 3496 1734 3527 ,
1761 3455 2085 3514 mendicitas
2111 3470 2206 3513 so-

662 3552 971 3623 lutionem,
994 3554 1203 3621 serrum
1234 3549 1460 3609 inducit
1484 3548 1884 3609 afflictionem.

735 3646 930 3703 Primo
958 3645 1132 3718 igitur
1170 3632 1595 3701 attendendum
1635 3645 1749 3714 est,
1797 3642 1962 3717 quod
1993 3641 2203 3701 seden-

664 3743 750 3798 tes
779 3740 841 3797 in
864 3737 1119 3797 tenebris
1157 3736 1515 3812 purgatorii,
1544 3752 1667 3794 non
1693 3739 1945 3811 possunt
1968 3734 2203 3808 mereri,

664 3836 911 3907 possunt
962 3834 1162 3889 tamen
1210 3846 1319 3904 per
1373 3829 1584 3889 merita
1620 3828 1817 3903 juvari
1867 3846 1882 3886 ε
1935 3829 2209 3887 membra

666 3928 826 3985 enim
870 3927 1099 3998 vincta,
1146 3941 1282 3982 cum
1310 3939 1434 3982 non
1460 3923 1576 3980 sint
1614 3925 1879 3993 mortua,
1906 3922 2082 3994 sicca,
2112 3921 2208 3980 vel

663 4019 1022 4095 paralytica,
1056 4021 1308 4093 possunt
1345 4015 1607 4091 recipere
1651 4016 1917 4091 corporis
1955 4015 2208 4074 influen-

665 4114 807 4172 tiam
829 4157 848 4187 ,
882 4113 1020 4171 licet
1045 4127 1168 4170 non
1195 4111 1424 4185 possint
1468 4109 1799 4184 rependere
1843 4109 2213 4167 administra-

664 4208 840 4266 tionis
869 4205 1153 4267 officium.
1197 4209 1319 4264 Hoc
1346 4208 1543 4263 autem
1570 4203 1636 4262 fit
1656 4203 1878 4276 justitia
1912 4204 2009 4261 Dei
2042 4203 2212 4261 beni-

665 4301 948 4375 gnitatem
974 4299 1319 4374 respiciente
1342 4340 1360 4370 ,
1403 4298 1549 4374 quia
1574 4296 1950 4355 decesserunt
1985 4296 2050 4354 in
2078 4312 2213 4370 gra-

664 4396 774 4467 tia3
806 4398 864 4452 et
888 4393 1297 4453 misericordia
1335 4391 1714 4464 indulgente,
1753 4390 1897 4465 quia
1920 4406 2045 4449 non
2070 4405 2209 4464 pos-

663 4491 800 4545 sunt
825 4503 888 4546 se
911 4488 1123 4562 juvare
1150 4502 1257 4560 per
1290 4485 1557 4561 propria.
1597 4485 1735 4543 ideo
1773 4484 2042 4544 Salvator
2067 4500 2210 4543 con·

665 4580 802 4640 sulit
835 4582 857 4617 ⁶
889 4599 904 4639 :
946 4603 973 4635 α
1020 4579 1260 4655 operari
1306 4581 1540 4653 oportet
1583 4577 1731 4636 dum
1780 4577 1906 4636 dies
1948 4582 2068 4651 est3
2111 4594 2210 4637 ve·

662 4675 785 4735 niet
815 4676 889 4749 (a)
917 4691 1036 4733 nox
1053 4717 1072 4747 ‚
1108 4673 1352 4748 quando
1378 4688 1557 4732 nemo
1580 4671 1795 4747 poterit
1818 4671 2071 4746 operari.
2101 4693 2128 4725 »
2163 4673 2210 4730 Ο

664 4769 1025 4843 negligentia
1052 4769 1286 4826 nostra!
1318 4766 1592 4824 videmus
1609 4781 1722 4823 nos
1745 4765 2121 4838 incarcerari,
2152 4770 2211 4826 et

664 4861 1023 4936 negligimus
1049 4860 1304 4936 operari,
1330 4864 1396 4917 ut
1414 4858 1711 4934 possimus
1724 4875 1833 4934 per
1856 4874 2043 4934 opera
2058 4859 2210 4918 libe-

663 4957 803 5016 rari.
835 4959 1076 5031 Propter
1124 4953 1240 5013 hoc
1276 4952 1655 5028 reprehendit
1701 4968 1813 5012 nos
1851 4952 2094 5028 Sapiens
2118 4954 2141 4990 '¹
2188 4971 2204 5011 ε

727 5132 744 5168 ¹
780 5127 959 5191 Eccli„
1005 5138 1110 5191 m,
1158 5128 1235 5177 40.
1280 5149 1345 5163 -
1383 5123 1404 5154 ²
1442 5124 1617 5187 Rern„
1657 5123 1718 5173 de
1756 5125 1941 5183 Prim.,
1987 5124 2114 5174 med.
2159 5128 2209 5176 et

662 5202 871 5262 noviss„
900 5213 1059 5249 serm.
1100 5210 1196 5259 ιιι,
1242 5195 1305 5246 de
1334 5194 1578 5259 diversis,
1604 5208 1660 5244 n.
1691 5197 1739 5256 t,
1770 5195 1939 5260 quoad
1976 5208 2206 5247 sensum.

667 5299 723 5310 —
751 5272 774 5308 ⁸
804 5271 1010 5335 Senec„
1045 5268 1192 5334 epist.
1227 5280 1298 5320 ci.
1331 5292 1391 5305 —
1424 5267 1570 5331 ⁶1d.,
1601 5267 1753 5330 epist.
1797 5279 1922 5317 xxiv
1951 5273 2004 5318 et
2038 5279 2121 5318 nv.
2147 5294 2210 5307 -

663 5366 683 5394 ι
711 5343 849 5394 psal.
881 5355 985 5408 cvi,
1021 5347 1100 5394 1⁰.
1131 5369 1187 5380 —
1219 5342 1238 5372 ⁸
1269 5339 1437 5405 loun„
1467 5350 1553 5407 ιι,
1579 5349 1626 5390 4.
1650 5364 1714 5376 -
1738 5339 1761 5375 ‘¹
1792 5337 1983 5404 Eccle,
2011 5350 2095 5402 ιι,
2129 5343 2209 5391 to.

1695 403 2109 472 SERMONES
2150 404 2252 472 DE
2294 405 2641 476 SANCTIS.
2684 409 2816 476 LII.

2310 564 2339 597 ι
2374 544 2805 618 Quodcumque
2855 547 3047 619 potest
3100 560 3315 604 manus
3369 549 3473 605 tna
3498 590 3517 619 ,
3572 548 3869 607 instanter·

2305 653 2605 711 operare.»
2624 636 2646 672 ⁸
2662 660 2690 693 «ι
2708 644 2856 710 Ergo
2880 639 3024 697 dum
3054 644 3289 715 tempus
3304 641 3628 712 habemuS,
3650 660 3844 717 opere·

2306 747 2440 790 mur
2467 731 2692 790 bonum
2739 731 2818 790 ad
2848 748 3087 802 omnes,
3116 734 3379 792 maxime
3407 740 3615 793 autem
3644 736 3723 794 ad
3745 736 3846 795 do-

2305 824 2576 882 mesticos
2618 825 2782 883 fidei.
2824 844 2851 877 n
2914 829 3138 899 Tempus
3179 826 3523 885 seminandi
3574 832 3664 886 est
3710 846 3847 903 prze-

2304 933 2438 974 sens
2465 918 2584 975 vita
2605 961 2623 989 ‚
2668 918 2730 975 in
2762 934 2884 993 qua
2921 920 3211 976 currimus
3241 937 3255 975 ε
3288 919 3349 977 in
3376 921 3495 979 hac
3523 921 3666 980 licet
3688 922 3846 980 nobis

2307 1012 2474 1085 quod
2515 1013 2791 1071 volumus
2833 1015 3060 1089 operari
3076 1035 3094 1086 3
3152 1032 3289 1074 cum
3336 1033 3487 1074 vero
3545 1017 3845 1086 transierit,

2306 1106 2593 1180 operandi
2619 1111 2853 1182 tempus
2882 1108 3177 1168 auferetur
3206 1111 3297 1184 (b).
3326 1111 3650 1183 signanter
3667 1114 3847 1169 autem

2306 1198 2473 1257 addit
2502 1219 2516 1257 :
2558 1203 2799 1259 Maxime
2824 1204 3004 1274 quoad
3021 1204 3331 1261 domesticos
3348 1205 3508 1275 fidei.
3531 1205 3690 1262 Licet
3706 1205 3847 1262 enim

2306 1297 2589 1371 suffragia
2632 1299 2912 1358 omnibus
2950 1301 3118 1374 justis
3149 1301 3567 1374 indigentibus
3612 1303 3846 1376 prosint,

2308 1391 2567 1449 maxime
2594 1396 2790 1451 tamen
2818 1392 2932 1464 his,
2961 1393 3304 1469 proquibus
3330 1396 3678 1471 specialiter
3694 1397 3846 1455 finnt.

2307 1483 2365 1542 Si
2392 1485 2550 1543 enim
2589 1486 2873 1559 charitas,
2920 1487 3141 1561 gradus
3180 1488 3452 1559 habenS,
3484 1506 3646 1564 opus
3686 1490 3853 1550 intor-

2310 1583 2450 1649 mat,
2479 1585 2536 1639 et
2561 1581 2804 1640 intentio
2833 1583 3107 1657 ordinat,
3154 1588 3384 1643 certum
3424 1590 3518 1644 est
3545 1586 3718 1660 quod
3742 1603 3851 1645 non

2307 1670 2619 1732 frustratur
2641 1674 2909 1747 intentio,
2935 1679 2993 1733 et
3020 1675 3253 1735 devotio
3280 1680 3635 1751 satagentis.
3652 1682 3717 1737 ln
3734 1695 3850 1753 per·

2308 1781 2456 1823 sona
2480 1766 2696 1825 horum
2731 1769 2945 1827 mereri
2983 1771 3311 1844 potentium
3354 1771 3586 1830 clamat
3624 1776 3853 1847 Aposto-

2308 1856 2402 1917 lus
2429 1860 2453 1895 ’
2481 1877 2496 1916 ε
2535 1879 2565 1914 α
2597 1864 2942 1922 Mementote
2984 1864 3048 1937 (c)
3082 1864 3461 1923 vinculorum
3504 1881 3795 1924 meorum.
3820 1889 3846 1920 ι

2380 1955 2651 2013 Secundo
2702 1958 3124 2015 attendendum
3170 1962 3257 2016 est
3294 1959 3522 2033 jugum
3572 1959 3849 2032 ineffuga-

2308 2045 2453 2119 bile,
2471 2053 2713 2124 propter
2740 2050 2908 2125 quod
2935 2050 3211 2109 dicuntur
3236 2056 3435 2110 vincti.
3458 2054 3685 2112 Omnes
3705 2054 3849 2111 enim

2254 2224 2259 2229 ἡ
2309 2140 2570 2199 adstricti
2609 2145 2878 2202 tenentur
2916 2161 2990 2202 ex
3043 2143 3278 2203 decreto
3332 2145 3558 2204 divinae
3604 2147 3842 2220 justitiae,

2311 2232 2503 2293 donec
2516 2235 2880 2295 reddiderint
2891 2238 3283 2297 novissimum
3304 2240 3735 2314 quadrantem.
3752 2243 3846 2298 Cu·

2303 2326 2403 2400 jus
2429 2329 2581 2386 ratio
2627 2332 2741 2399 est,
2790 2330 2932 2404 quia
2972 2332 3015 2365 ¹⁰
3060 2331 3121 2388 in
3148 2345 3473 2405 supernam
3500 2332 3847 2391 Hierusalem

2309 2421 2458 2478 nihil
2481 2421 2852 2496 inquinatum
2874 2423 3092 2481 intrare
3117 2427 3329 2498 potest.
3367 2426 3745 2499 Impossibile
3774 2432 3849 2486 est

2310 2514 2571 2573 animam
2599 2517 2814 2575 intrare
2841 2532 3095 2590 regnum
3114 2517 3342 2590 gloriae,
3364 2519 3667 2605 quamdiu
3682 2520 3847 2578 habet

2311 2608 2540 2683 aliquid
2592 2609 2993 2683 purgandum.
3038 2613 3159 2669 Hoc
3193 2610 3521 2683 figuratum
3576 2616 3669 2670 est
3700 2613 3843 2670 libro

2310 2702 2480 2760 tertio
2533 2707 2768 2776 Requm,
2796 2705 2903 2763 ubi
2945 2704 3157 2763 dicitur
3193 2708 3235 2745 ¹¹
3267 2723 3283 2763 ε
3325 2725 3357 2760 ι
3397 2705 3647 2766 malleus
3685 2711 3742 2764 et
3764 2723 3848 2765 se-

2311 2796 2467 2853 curis
2504 2812 2628 2854 non
2663 2802 2800 2856 sunt
2836 2797 3038 2856 audita
3076 2798 3139 2855 in
3175 2797 3577 2857 aedificatione
3606 2800 3845 2874 templi:

2310 2888 2477 2964 prius
2505 2890 2665 2948 enim
2693 2891 3137 2965 quadrabantur
3149 2895 3208 2949 et
3233 2892 3606 2951 delabantur
3628 2892 3846 2967 lapidae

2314 2987 2371 3041 et
2396 2983 2561 3057 ligna
2601 2985 2665 3042 in
2692 2985 2912 3044 Libano
2936 3028 2956 3055 ,
2993 2989 3051 3043 et
3076 2988 3283 3060 postea
3319 2985 3773 3046 collocabantur
3794 2989 3849 3045 in

2311 3078 2556 3152 templo.
2587 3097 2615 3131 n
2644 3079 2736 3138 Sic
2761 3079 2991 3154 lapides
3016 3080 3138 3136 vivi
3162 3080 3496 3138 necessario
3526 3081 3593 3138 in
3619 3081 3848 3139 haerita

2314 3173 2701 3246 quadrantur,
2732 3177 2789 3232 et
2815 3173 3118 3249 poliuntur
3150 3175 3386 3247 merito,
3423 3174 3523 3233 vel
3548 3176 3849 3250 posthanc

2313 3266 2497 3323 vitam
2536 3266 2675 3340 igne
2719 3268 3098 3341 purgatorio,
3127 3273 3455 3343 antequam
3490 3268 3847 3342 superaedifi-

2316 3362 2520 3418 centur
2546 3361 2609 3418 in
2635 3360 2806 3419 coelo.
2836 3361 2938 3420 Ille
2963 3361 3141 3435 igitur
3163 3361 3327 3420 solus
3353 3363 3398 3400 ¹²
3428 3381 3460 3414 σι
3478 3362 3681 3421 educit
3704 3362 3852 3420 vinc-

2314 3455 2405 3512 tos
2430 3453 2492 3510 in
2519 3451 2862 3512 fortitudine
2881 3496 2900 3525 ,
2926 3475 2955 3509 n
2993 3458 3050 3512 et
3076 3459 3268 3529 potest
3301 3454 3561 3513 liberare
3570 3474 3591 3528 3
3622 3470 3733 3512 nos
3756 3471 3851 3512 au-

2313 3550 2434 3605 tem
2475 3562 2791 3620 possumus
2839 3563 3158 3622 procurare
3178 3589 3198 3620 ,
3254 3552 3312 3606 et
3362 3548 3761 3622 eleemosynis
3800 3550 3853 3606 et

2316 3639 2683 3699 orationibus
2721 3641 3058 3716 impetrare.
3090 3630 3129 3679 ¹⁵
3164 3661 3193 3696 α
3213 3643 3426 3700 Sancta
3455 3657 3603 3715 ergo
3630 3646 3689 3700 et
3708 3641 3855 3700 salu-

2315 3733 2440 3792 bris
2466 3738 2552 3793 est
2586 3733 2864 3808 cogitatio
2916 3751 3029 3810 pro
3073 3735 3363 3794 defunctis
3416 3751 3668 3793 exorare
3683 3777 3705 3807 ,
3733 3739 3855 3793 uta

2313 3829 2571 3904 peccatis
2609 3829 2931 3887 solvantur.
2962 3849 2992 3885 ι»
3019 3831 3066 3888 Ο
3102 3829 3394 3888 mirabilis
3420 3830 3681 3888 caicitas!
3721 3846 3853 3905 per-

2315 3921 2621 3993 mittimuS,
2643 3923 2766 3982 imo
2792 3938 3185 3997 procuramus
3208 3938 3321 3981 nos
3367 3922 3547 3996 ligari
3584 3922 3854 3981 funiculis

2315 4021 2695 4091 peccatorum
2712 4058 2733 4086 ,
2758 4020 2816 4074 et
2837 4032 2946 4091 per
2964 4031 3341 4091 ‚consequens
3370 4015 3521 4090 jugo
3546 4032 3741 4091 poenae
3754 4037 3774 4091 3
3800 4021 3853 4076 et

2315 4110 2596 4169 nolumus
2644 4110 2876 4168 solvere
2920 4109 3157 4168 vincula
3206 4108 3347 4169 colli
3390 4110 3612 4184 nostri,
3669 4112 3856 4169 donec

2316 4203 2452 4261 facti
2498 4204 2682 4261 simus
2734 4203 3133 4277 impossibiles
3174 4201 3255 4259 ad
3299 4201 3678 4261 solvendum.
3726 4203 3855 4261 ideo

2320 4295 2537 4355 clamat
2574 4296 2751 4355 lsaias
2782 4294 2860 4354 ⁸⁴:
2897 4316 2927 4350 α
2952 4296 3124 4354 Solve
3150 4295 3391 4354 vincula
3422 4296 3565 4356 colli
3594 4298 3698 4370 tui,
3728 4313 3856 4371 cup·

2319 4391 2439 4448 tiva
2465 4389 2590 4447 filia
2616 4390 2774 4448 Sion.
2808 4409 2836 4445 n
2885 4388 3318 4449 Praeveniamus
3366 4405 3513 4463 ergo
3549 4391 3725 4448 istam
3761 4406 3856 4448 no-

2319 4476 2648 4542 cessitatem
2677 4482 2952 4542 faciendo
2982 4482 3199 4557 dignos
3222 4481 3445 4541 truoms
3479 4483 3852 4557 poenitentia,

2316 4592 2428 4637 nec
2453 4576 2889 4654 praecludamus
2915 4577 3093 4636 nobis
3117 4576 3450 4636 libertatem
3471 4576 3855 4651 ingressusad

2322 4687 2595 4746 regnum.

2391 4766 2578 4824 Tertio
2606 4763 3033 4823 attendendum
3066 4768 3152 4822 est
3191 4763 3463 4823 debitum
3504 4764 3829 4833 insolubile

2322 4858 2479 4918 unde
2527 4858 2668 4917 dicit
2708 4876 2722 4916 z
2757 4858 3131 4917 limmate.
3167 4860 3317 4915 Nam
3370 4863 3648 4918 manente
3696 4861 3851 4917 matu

2316 5060 2381 5072 —
2416 5034 2438 5070 ⁸
2476 5032 2617 5093 Gal..
2654 5044 2727 5095 vi,
2773 5036 2847 5082 ιο.
2878 5058 2934 5069 -
2976 5032 3000 5067 ⁹
3036 5022 3253 5095 Cotem,
3286 5045 3359 5095 ιν,
3395 5036 3475 5086 18.
3509 5061 3572 5072 -
3611 5036 3653 5071 ¹0
3684 5036 3847 5099 Δρα..

2322 5116 2440 5166 ιιι,
2471 5108 2548 5155 27.
2584 5131 2644 5142 -
2673 5105 2716 5140 ¹¹
2747 5105 2812 5154 ΙΙΙ
2843 5104 2981 5169 Rea„
3010 5114 3081 5167 νι,
3110 5108 3160 5154 7.
3187 5129 3252 5143 -
3294 5107 3337 5140 ’¹
3361 5106 3502 5157 Psat.
3532 5117 3694 5169 nxvn,
3721 5108 3765 5155 7.
3791 5126 3849 5141 -

2319 5178 2364 5213 ¹⁸
2388 5179 2429 5228 ΙΙ
2462 5177 2649 5240 flach„
2678 5188 2774 5238 ιιι,
2797 5178 2877 5226 te.
2902 5202 2967 5215 -
2996 5178 3035 5213 ¹⁸
3060 5178 3181 5242 isa„
3206 5188 3303 5241 m,
3330 5180 3382 5227 2.

2398 5270 2448 5329 a)
2470 5268 2592 5319 Goet.
2610 5266 2739 5318 edit.
2762 5265 2924 5318 venit..
2941 5292 3003 5307 —
3031 5264 3099 5331 (b)
3125 5266 3250 5319 Item
3266 5266 3513 5320 aufertur.
3531 5293 3585 5304 —
3610 5266 3671 5330 (e)
3704 5261 3830 5327 Vnda.

2376 5353 2581 5391 emores
2607 5342 2790 5390 estote.
