4059 6317
1105 487 1207 554 DE
1247 487 1316 553 S.
1357 484 1722 552 MATTmA
1760 484 2192 553 APOSTOLO.
2236 485 2500 555 SERMO
2544 489 2591 555 1.

260 626 528 702 ingredi,
553 642 726 689 serva
751 626 1051 686 mandata.
1093 645 1124 681 s
1166 627 1234 685 Et
1269 623 1346 682 de
1370 622 1485 682 hac
1510 621 1796 683 electione

259 723 473 782 dicitur
502 722 522 759 ¹
553 740 570 779 1
607 742 635 777 α
662 727 745 781 En
772 722 1052 780 Dominus
1076 723 1224 778 Deus
1248 722 1384 776 tuus
1411 717 1586 790 elegit
1608 718 1667 774 te
1685 756 1706 787 ,
1732 719 1800 774 ut

257 819 337 876 sis
380 818 436 877 ei
479 816 742 894 populus
785 814 1119 891 peculiaris,
1159 816 1216 872 et
1258 811 1554 870 custodias
1594 809 1799 869 omnia

256 916 550 988 praecepta
576 912 721 986 ciue.
750 931 779 966 n
813 912 942 969 Haec
970 912 1056 968 est
1080 908 1276 983 prima
1302 905 1508 965 electio
1528 948 1547 972 ,
1577 904 1799 962 scilicet

257 1007 637 1066 observantia
669 1004 1084 1064 mandatorum
1135 1002 1235 1060 Dei
1266 1018 1282 1058 :
1327 999 1408 1058 ad
1454 1014 1638 1074 quam
1683 1015 1796 1056 vo-

256 1105 466 1161 cantur
490 1116 700 1159 omnes
722 1097 966 1173 populi,
998 1099 1057 1155 et
1077 1095 1350 1155 homines
1377 1109 1583 1152 omnes
1609 1110 1646 1151 a
1674 1095 1794 1151 Deo

255 1196 467 1263 creati;
500 1193 774 1270 quamvis
797 1193 913 1250 hoc
937 1192 1071 1251 leve
1097 1206 1250 1249 onus
1268 1187 1565 1261 refugiant
1588 1201 1796 1262 pecca·

254 1293 413 1347 tores
437 1288 606 1363 impii
621 1331 640 1360 ‚
670 1285 935 1345 volentes
958 1284 1125 1360 prius
1152 1282 1399 1342 obedire
1427 1281 1673 1339 diabolo
1694 1321 1714 1352 ,
1739 1282 1799 1338 et

257 1383 448 1441 carnis
505 1380 799 1441 desiderio
817 1422 836 1452 ,
882 1395 1066 1454 quam
1110 1377 1253 1450 Regi
1291 1380 1508 1435 aeterno
1555 1390 1665 1450 pro
1711 1374 1795 1433 eis

254 1476 657 1552 temporaliter
692 1490 890 1550 passo.
932 1473 1049 1532 Sed
1088 1488 1248 1531 nunc
1292 1469 1528 1529 attende
1545 1512 1563 1541 ,
1610 1485 1795 1544 quam

252 1572 510 1645 graviter
537 1569 747 1629 mundi
768 1584 938 1643 reges
963 1582 1208 1626 suorum
1232 1567 1658 1640 praeceptorum
1685 1579 1796 1638 pu-

253 1667 425 1726 niunt
449 1668 932 1738 transgressores,
962 1665 1021 1721 et
1041 1660 1283 1720 obedire
1307 1659 1576 1720 nolentes
1592 1699 1614 1730 ,
1641 1675 1796 1733 quos

258 1765 316 1823 et
356 1758 662 1819 tormentis
700 1757 962 1816 afficiunt
981 1799 1000 1829 ‚
1042 1754 1377 1815 carceribus
1416 1753 1690 1824 tradunt,
1737 1755 1796 1810 et

258 1856 388 1916 dira
438 1856 630 1914 morte
677 1853 861 1911 vitam
904 1850 1077 1909 finire
1123 1848 1362 1908 faciunt.
1409 1851 1565 1921 Ergo
1610 1847 1660 1906 si
1708 1847 1793 1907 sic

255 1949 512 2027 puniunt
534 1947 809 2007 homines
832 1943 1043 2003 mundi
1056 1986 1077 2015 ,
1107 1943 1255 2018 quid
1279 1942 1536 2002 facturus
1558 1945 1645 2001 est
1671 1946 1792 2003 Rex

253 2045 382 2120 ipse
410 2043 542 2101 coeli
561 2085 582 2116 ,
623 2058 761 2099 cum
799 2056 923 2099 non
956 2038 1153 2097 solum
1180 2038 1254 2095 sit
1272 2037 1463 2111 justus
1481 2079 1499 2108 ,
1529 2035 1635 2095 sed
1661 2036 1794 2111 ipsa

252 2141 325 2198 sit
344 2138 611 2212 justitia?
626 2136 743 2195 Sed
773 2154 802 2189 α
828 2134 969 2209 quia
992 2148 1117 2192 non
1135 2131 1359 2208 profert
1373 2132 1566 2191 statim
1588 2136 1794 2192 contra

252 2233 446 2291 malos
480 2230 827 2290 sententiam
845 2270 865 2299 ,
891 2228 1001 2286 filii
1043 2227 1356 2286 hominum
1400 2226 1624 2301 absque
1663 2225 1790 2285 ullo

251 2328 464 2386 timore
506 2328 845 2401 perpetrant
883 2323 1074 2395 mala,
1101 2342 1133 2378 s
1169 2322 1317 2380 sicut
1356 2321 1568 2380 dicitur
1600 2319 1644 2379 ².
1678 2322 1794 2380 Sed

251 2421 595 2493 attendant,
626 2419 792 2495 quod
836 2422 1058 2493 quanto
1086 2416 1221 2491 plus
1263 2432 1367 2475 303
1401 2420 1700 2488 exmctat,
1740 2417 1789 2474 si

250 2515 515 2576 converti
532 2514 853 2587 negligant,
874 2529 1011 2571 cum
1032 2527 1105 2571 ex
1124 2510 1241 2569 hoc
1258 2511 1493 2585 culpam
1512 2514 1786 2584 augeant,

248 2614 412 2669 tanto
426 2608 639 2683 justius
657 2611 762 2679 est,
784 2612 849 2665 ut
874 2607 1040 2681 gravi
1047 2622 1113 2663 113
1128 2604 1383 2664 finaliter
1399 2605 1598 2664 saeviat
1608 2624 1627 2677 ;
1647 2620 1789 2663 nam

250 2705 466 2763 dicitur
491 2705 515 2741 ⁸
545 2722 560 2761 :
598 2722 627 2758 3
650 2704 795 2761 Cum
822 2715 1105 2774 accepero
1133 2703 1383 2774 tempus,
1413 2714 1524 2772 ego
1539 2698 1790 2772 justitias

242 2798 553 2873 judicabo.
594 2818 624 2853 n
667 2798 814 2854 Nam
856 2795 1222 2854 consuetudo
1250 2798 1338 2852 est
1368 2793 1639 2867 judicum
1675 2792 1789 2852 cle-

247 2892 557 2963 mentium,
584 2894 648 2948 111
673 2888 980 2964 provocati
1007 2887 1088 2946 ad
1114 2888 1285 2960 iram,
1312 2887 1521 2945 10111113
1544 2887 1788 2946 soeviant

40 3004 222 3047 ssxem·
246 2987 310 3045 in
349 2985 667 3058 subjectos.
711 2985 780 3041 Et
824 2986 910 3041 331
946 2981 1288 3057 exemplum
1328 2980 1394 3038 in
1436 2980 1749 3055 elephante
1765 3024 1786 3054 ,

0 3063 134 3109 ’¹⁰¹³‘
248 3079 416 3155 quod
464 3081 553 3137 est
599 3076 821 3137 animal
873 3076 1271 3146 benevolum,
1315 3074 1424 3132 sed
1473 3075 1792 3149 prosternit

246 3175 527 3244 arbores,
556 3177 614 3232 et
655 3170 980 3246 aliquando
1021 3169 1234 3228 domos
1253 3210 1274 3240 ,
1304 3169 1382 3228 ad
1417 3169 1789 3229 iracundiam

244 3269 626 3343 provocatus.
656 3269 898 3340 Propter
932 3279 1075 3338 3130
1103 3263 1307 3322 omnia
1332 3263 1669 3338 supradicta
1697 3264 1786 3322 di-

246 3363 400 3421 citur
425 3363 449 3398 ⁴
480 3381 496 3418 1
521 3379 551 3417 ι
576 3360 803 3420 irritam
827 3358 1049 3417 faciens
1074 3359 1269 3431 legem
1281 3358 1485 3432 Moysi,
1513 3357 1638 3416 sine
1662 3358 1789 3418 ulla

242 3453 624 3515 miseratione
651 3452 891 3511 duobus
917 3450 1014 3510 vel
1040 3451 1229 3510 tribus
1251 3450 1491 3509 testibus
1502 3451 1782 3525 moritur3

244 3553 473 3625 quanto
524 3547 742 3623 putatis
786 3546 1017 3618 majora
1067 3544 1282 3604 mereri
1323 3545 1647 3620 supplicia,
1680 3547 1785 3620 qui

240 3643 459 3703 Filium
487 3642 585 3699 Dei
612 3639 1085 3710 conculcaverit,
1134 3642 1191 3698 et
1233 3637 1583 3712 sanguinem
1609 3643 1784 3699 testa-

239 3737 429 3797 menti
453 3736 754 3812 pollutum
782 3733 1035 3801 duxerit,
1066 3738 1123 3792 et
1144 3732 1382 3809 Spiritui
1416 3734 1615 3807 gratiae
1645 3750 1785 3793 con-

241 3833 551 3893 tumeliam
575 3831 779 3890 fecerit
793 3831 823 3887 ‘1
848 3849 877 3883 s
909 3829 1114 3902 Arguit
1138 3827 1451 3904 Apostolus
1466 3845 1504 3887 a
1521 3829 1739 3886 minori
1765 3846 1780 3886 1

240 3945 388 3987 nam
415 3928 611 3986 minor
636 3926 749 3984 fuit
785 3930 1010 4000 Moyses
1037 3939 1272 3995 servuS,
1312 3939 1496 3997 quam
1522 3923 1785 3982 Christus

240 4022 560 4092 Dominae,
589 4026 647 4080 31
680 4021 874 4093 1113101
912 4019 1014 4078 1311
1055 4017 1284 4090 Christi,
1332 4034 1516 4091 quam
1544 4018 1731 4092 Moysi
1762 4037 1778 4075 :

240 4133 396 4190 ergo,
419 4114 654 4189 gravius
699 4116 905 4189 peccat
946 4113 1051 4187 qui
1083 4111 1224 4170 13311
1271 4114 1478 4171 contra
1520 4112 1676 4172 hanc
1702 4112 1784 4171 le·

238 4227 404 4285 gem,
430 4226 613 4285 quam
640 4207 744 4283 qui
782 4206 919 4266 fecit
962 4205 1281 4281 antiquitus
1317 4210 1521 4264 contra
1563 4206 1732 4265 illam
1762 4225 1777 4265 :

235 4320 388 4380 3130
415 4305 464 4362 31
489 4303 743 4362 13310133
776 4301 934 4361 111133
976 4301 1060 4360 313
1096 4302 1350 4375 graviter
1391 4304 1530 4360 sunt
1566 4303 1780 4377 puniti,

235 4399 407 4475 quali
455 4413 638 4473 poena
688 4397 784 4456 isti
825 4401 962 4454 sunt
1004 4395 1213 4469 digni?
1239 4398 1510 4471 Loquens
1543 4397 1619 4455 de
1647 4397 1780 4470 lege

235 4493 427 4569 Moysi
450 4494 474 4530 ⁸
504 4511 519 4550 :
556 4511 586 4547 3
613 4492 669 4552 Si
699 4491 858 4550 enim
903 4490 1008 4565 qui
1051 4506 1159 4565 per
1204 4489 1450 4563 angelos
1478 4490 1669 4549 dictus
1694 4497 1782 4550 est

233 4604 458 4659 sermo,
485 4586 670 4646 factus
696 4588 783 4643 est
806 4584 1014 4643 firmus
1028 4625 1048 4657 ‚
1071 4586 1130 4643 et
1155 4584 1350 4642 omnis
1373 4584 1778 4658 praevaricatio

238 4685 302 4741 et
327 4679 733 4739 inobedientia
758 4678 982 4753 accepit
1020 4679 1241 4751 ,iustam
1281 4677 1573 4736 mercedis
1607 4680 1777 4737 retri-

231 4775 570 4845 butionem,
598 4772 907 4847 quomodo
937 4770 1307 4845 effugiemus,
1343 4772 1393 4829 31
1419 4775 1643 4830 tantam
1670 4788 1779 4830 ne-

231 4867 597 4944 glexerimus
623 4866 914 4925 salutem?
940 4887 971 4923 11
1003 4868 1069 4924 Et
1094 4868 1319 4936 contra,
1346 4864 1395 4922 si
1412 4865 1598 4924 verba
1621 4866 1776 4925 Chri-

228 4964 330 5037 sti,
359 4978 494 5038 quae
536 4960 775 5020 fuerunt
806 4960 989 5020 verba
1027 4960 1128 5018 Dei
1155 4960 1317 5036 (quia
1342 4959 1599 5020 Christus
1626 4964 1775 5019 Deus

229 5059 363 5132 est),
389 5072 513 5115 non
550 5055 936 5114 observamus
950 5098 969 5128 ,
1004 5069 1372 5130 consequens
1400 5061 1520 5129 331,
1548 5061 1655 5116 313.
1687 5059 1774 5115 ln-

293 5231 311 5264 ¹
351 5228 525 5289 Dent„
556 5237 713 5289 xxvi,
744 5227 821 5276 18.
848 5250 910 5262 —
947 5224 966 5254 ²
1007 5225 1188 5289 Eccle„
1221 5237 1350 5290 vm,
1383 5231 1460 5279 11.
1492 5254 1554 5265 —
1585 5229 1609 5264 ⁸
1632 5228 1770 5279 Psal.

229 5311 413 5363 mxxiv,
442 5299 492 5348 3.
519 5324 582 5335 --
609 5296 631 5332 ⁸
655 5294 832 5357 Hebr„
862 5306 917 5356 x,
947 5298 1027 5346 28.
1052 5321 1116 5333 —
1149 5296 1173 5330 ⁸
1199 5296 1350 5362 ibid„
1378 5311 1439 5362 11,
1467 5301 1514 5349 2.
1545 5324 1603 5336 -
1632 5299 1653 5335 ⁸
1672 5300 1768 5352 Tit.

229 5372 366 5430 Liv„
401 5368 584 5420 decad.
620 5368 662 5427 1,
691 5366 781 5418 lib.
818 5377 941 5430 vin,
969 5367 1033 5417 de
1062 5367 1250 5419 Manlio
1278 5369 1566 5434 Torquat03
1596 5371 1769 5423 Valer.

225 5444 390 5509 Max„
428 5440 519 5493 lib.
556 5441 623 5508 v,
662 5452 709 5491 c.
748 5449 873 5503 vui,
909 5452 964 5494 u.
1006 5441 1054 5504 3,
1092 5440 1156 5491 de
1203 5439 1404 5493 eodem.
1431 5467 1495 5485 ¹-·-
1524 5443 1541 5475 ⁷
1568 5442 1768 5503 uatem,

3324 499 3443 563 537

1903 622 2083 682 venio
2130 625 2290 683 enim
2342 625 2365 661 ⁸
2414 625 2617 701 plures
2666 626 2983 687 consulum
3033 632 3442 691 Romanorum

1904 732 2109 776 amore
2132 718 2365 792 justitiae
2390 719 2549 778 filios
2574 720 2896 793 occidisse,
2933 738 3044 781 nec
3083 723 3167 782 313
3197 740 3443 798 parcere

1903 809 2188 883 voluisse,
2241 828 2316 871 eo
2355 813 2523 887 quod
2574 814 2700 873 sine
2745 815 2980 874 licentia
3034 817 3441 892 bellaverunt,

1903 905 2178 979 quamvis
2201 905 2397 964 hostes
2423 908 2831 982 superaverint
2845 927 2864 982 3
2896 925 3040 984 ergo
3079 910 3226 985 quid
3268 911 3445 971 133131
3478 908 3487 920 “

1903 1000 2027 1056 Rex
2048 998 2280 1070 justitiae
2322 999 2439 1058 illis
2457 1043 2476 1073 ,
2508 1001 2611 1076 qui
2661 1008 2865 1062 contra
2906 1003 3308 1064 obedientiam
3351 1006 3441 1066 fa-

1903 1090 2085 1162 ciunt,
2110 1095 2169 1150 et
2202 1108 2326 1151 non
2352 1094 2550 1154 hostes
2589 1094 2870 1168 vincunt,
2896 1096 3003 1155 sed
3037 1102 3241 1157 contra
3265 1102 3438 1159 natu-

1900 1185 2088 1244 ralem
2144 1187 2457 1246 Dominum
2475 1230 2497 1261 ,
2549 1190 2676 1262 33113
2721 1191 3063 1252 adversario
3108 1210 3171 1251 se
3215 1210 3439 1269 suppo·

1901 1282 2093 1338 nunt?

1972 1376 2244 1435 Secundo
2275 1378 2526 1452 quidam
2564 1378 2859 1452 eliguntur
2897 1380 2978 1439 ad
3015 1381 3441 1457 perfectionem

1903 1470 2305 1530 consiliorum.
2333 1475 2462 1531 Non
2488 1472 2648 1530 enim
2667 1477 2754 1531 est
2768 1473 3038 1532 divinum
3055 1480 3441 1552 praeceptum,

1900 1567 2006 1623 sed
2027 1570 2114 1624 est
2132 1566 2371 1626 salubre
2397 1568 2730 1638 consilium,
2749 1569 3090 1628 universum
3105 1571 3441 1646 relinquere

1901 1659 2224 1734 mundum,
2256 1663 2314 1718 et
2347 1662 2467 1719 Deo
2512 1661 2574 1720 in
2612 1666 2957 1737 paupertate
2995 1664 3236 1724 servire.
3277 1666 3441 1724 Unde

1902 1753 2071 1811 diviti
2098 1753 2185 1812 illi
2213 1754 2438 1813 Christo
2480 1755 2694 1814 dicenti
2720 1772 2782 1814 se
2829 1756 3034 1816 divina
3063 1758 3268 1817 omnia
3291 1775 3442 1834 prae·

1902 1851 2072 1922 cepta
2097 1863 2398 1918 servasse,
2440 1848 2588 1908 dixit
2631 1850 2910 1909 Dominus
2935 1852 2958 1887 7
2993 1869 3008 1908 1
3041 1870 3072 1905 α
3098 1851 3157 1910 Si
3180 1851 3268 1909 vis
3309 1869 3443 1927 per-

1898 1942 2083 2001 fectus
2109 1958 2253 2013 esse,
2277 1942 2432 2001 vade
2453 1947 2512 2002 et
2534 1943 2728 2002 vende
2751 1943 2954 2003 omnia
2981 1960 3115 2020 quae
3140 1945 3349 2018 1131133,
3379 1951 3436 2006 31

1902 2036 1982 2095 da
2001 2038 2396 2113 pauperibus,
2437 2042 2495 2096 et
2536 2038 2672 2096 veni
2692 2079 2713 2108 ,
2758 2053 3004 2113 sequere
3032 2055 3129 2097 me
3152 2082 3171 2111 ,
3202 2060 3230 2094 s
3261 2043 3328 2098 ut
3353 2039 3438 2099 sic

1899 2146 2129 2206 pauper
2176 2147 2499 2206 pauperem
2540 2133 2824 2206 sequariS.
2866 2136 2995 2191 Non
3033 2133 3282 2207 quidem
3311 2135 3441 2209 pari
3604 2144 3632 2181 ⁴

1901 2241 2077 2284 cursu
2102 2242 2211 2301 per
2230 2242 2396 2285 mare
2421 2222 2588 2285 vadit
2613 2227 2783 2285 navis
2811 2232 3086 2301 onerata,
3118 2233 3176 2288 et
3197 2246 3331 2304 quas
3354 2234 3442 2289 est

1901 2319 2180 2378 oneribus
2209 2320 2504 2395 expedita.
2535 2321 2621 2381 Ob
2652 2337 2837 2397 quam
2882 2337 3124 2381 causam
3169 2338 3440 2383 cursores
3518 2338 3676 2382 mom-

1899 2412 2182 2472 brevibus
2209 2414 2568 2473 vestimentis
2593 2420 2859 2488 utuntur,
2880 2431 2957 2474 ne
2974 2415 3038 2474 in
3059 2433 3233 2476 cursu
3252 2418 3438 2493 impe·
3463 2397 3609 2456 plum.

1900 2507 2157 2580 dianmr.
2186 2507 2457 2566 Similiter
2483 2512 2541 2567 et
2564 2507 2692 2581 1e0,
2722 2509 2827 2584 qui
2857 2509 3004 2567 dum
3042 2509 3248 2585 1113313
3278 2512 3437 2585 3031-

1898 2605 2001 2672 tat,
2029 2601 2344 2674 rejectione
2389 2601 2823 2676 superfluorum
2867 2606 3135 2663 ventrem
3174 2604 3433 2665 alleviat.

1896 2698 2140 2754 Necesse
2168 2695 2346 2768 igitur
2370 2696 2553 2754 habet
2596 2696 2701 2772 qui
2744 2700 2874 2757 vult
2898 2713 3225 2773 pauperem
3251 2699 3438 2758 Chris-

1897 2794 2024 2847 tum
2052 2789 2246 2864 sequi,
2274 2793 2340 2848 ut
2367 2791 2576 2865 etipse
2621 2790 2696 2849 sit
2721 2807 2982 2867 pauper,
3022 2793 3168 2867 quia
3202 2792 3287 2851 sic
3309 2809 3434 2853 non

1895 2887 2091 2958 potest
2114 2899 2350 2943 currere
2369 2900 2560 2959 equus
2587 2885 2691 2959 qui
2706 2900 2883 2960 super
2901 2901 2965 2944 se
2983 2885 3163 2945 hebet
3184 2886 3434 2946 militem

1897 2983 2213 3049 armatum,
2240 2978 2392 3038 sicut
2416 2977 2519 3053 qui
2543 2978 2833 3038 inermem
2848 2996 3101 3055 superse
3117 2980 3300 3039 habet
3321 2980 3435 3040 do-

1896 3072 2148 3139 minum.
2191 3072 2280 3132 Ob
2309 3089 2493 3147 quam
2518 3088 2760 3133 causam
2786 3073 2889 3148 qui
2919 3090 3107 3149 equos
3135 3091 3275 3133 31103
3297 3091 3435 3135 cur-
3516 3086 3672 3131 Exem-

1896 3185 2026 3228 rere
2054 3168 2264 3228 volunt
2289 3169 2369 3229 ad
2393 3169 2694 3241 bravium,
2721 3185 2845 3229 non
2870 3184 3049 3244 super
3076 3186 3180 3229 eos
3202 3176 3437 3245 ponunt
3462 3146 3603 3204 μω·

1896 3280 2108 3339 graves
2133 3264 2316 3337 viros,
2345 3265 2452 3323 sed
2476 3265 2676 3341 potius
2701 3280 2920 3339 pueros
2949 3264 3257 3325 modicum
3280 3282 3434 3341 pon-

1897 3359 2157 3418 derosoS.
2206 3361 2284 3417 De
2309 3359 2423 3418 hac
2464 3358 2646 3433 igitur
2686 3357 2972 3417 electione
3015 3358 3434 3434 perfectorum,

1898 3470 2034 3529 quas
2059 3454 2127 3512 fit
2149 3453 2227 3512 ad
2257 3453 2533 3523 consilia,
2561 3452 2703 3511 dicit
2727 3453 3013 3511 Dominus
3036 3453 3060 3490 ⁸
3090 3469 3105 3509 1
3140 3472 3171 3508 «
3197 3453 3359 3527 Elegi
3382 3457 3438 3512 te

1897 3547 1962 3605 in
1988 3547 2224 3605 camino
2250 3547 2629 3622 paupertatiS.
2657 3566 2686 3602 »
2718 3548 2786 3604 In
2813 3550 3018 3605 omnino
3045 3547 3325 3607 nobiliter
3352 3548 3441 3606 di-

1896 3640 1992 3713 cit,
2023 3642 2168 3716 quia
2194 3641 2342 3700 sicut
2366 3642 2429 3700 in
2455 3642 2690 3701 camino
2727 3642 2884 3717 13313
2909 3646 2968 3701 31
2991 3642 3222 3715 11113113,
3248 3648 3307 3703 31
3330 3660 3439 3703 ca-

1892 3734 1988 3794 lor
2013 3734 2253 3810 affligit,
2291 3737 2375 3794 sic
2407 3741 2727 3811 paupertas
2766 3736 2831 3794 in
2856 3736 2970 3796 hac
3005 3738 3160 3796 valle
3186 3738 3437 3797 miseriae

1893 3830 2199 3888 hominem
2239 3831 2493 3889 multum
2526 3831 2741 3906 premit
2754 3873 2774 3903 ,
2800 3830 2909 3889 sed
2945 3831 3009 3889 in
3033 3830 3152 3890 fine
3180 3831 3262 3890 ad
3289 3831 3440 3890 divi·

1835 3934 1839 3938 ·
1893 3923 2003 3982 1133
2025 3926 2273 3983 aeternas
2305 3923 2564 3983 adducit.
2595 3925 2800 3984 Nullus
2829 3928 2916 3984 331
2940 3925 3023 3984 113
3048 3926 3259 3984 31311113
3281 3942 3438 3984 mer·

1894 4021 2057 4075 cator
2078 4018 2141 4075 in
2168 4017 2397 4076 mundo
2416 4059 2438 4090 ,
2467 4018 2574 4094 qui
2620 4034 2744 4077 303
2789 4017 3041 4078 libenter
3077 4018 3159 4078 ad
3202 4022 3436 4095 tempus

1893 4112 2149 4186 patiatur
2170 4112 2455 4184 inediam,
2486 4112 2534 4170 si
2561 4113 2811 4175 multam
2838 4129 2912 4172 ex
2936 4114 3054 4172 hoc
3076 4113 3317 4173 deberet
3350 4115 3438 4171 in-

1891 4206 2093 4265 venire
2119 4206 2459 4282 pecuniam,
2487 4206 2680 4282 ipsam
2704 4211 2902 4266 tamen
2929 4207 3256 4284 aliquando
3276 4209 3434 4284 peri-

1892 4305 2083 4360 turam
2113 4316 2297 4375 :ergo
2324 4316 2484 4359 nunc
2514 4301 2873 4376 paupertatis
2899 4301 3164 4361 inediam
3194 4303 3263 4378 (b)
3295 4318 3430 4362 mo-

1892 4394 2095 4454 dicum
2121 4395 2540 4468 sustineamus,
2569 4400 2636 4453 ut
2672 4394 2753 4453 ad
2777 4398 3021 4454 aeternas
3067 4396 3301 4454 divitias
3329 4412 3430 4455 ve-

1889 4489 2144 4562 niamus,
2175 4504 2325 4564 quas
2349 4488 2412 4545 in
2438 4493 2792 4564 perpetuum
2809 4504 2935 4547 non
2957 4489 3294 4563 perdemus.
3315 4490 3433 4549 Sed

1888 4584 2138 4642 Romani
2167 4583 2522 4643 nobilissimi
2543 4583 2841 4657 eligebant
2864 4600 3155 4659 pauperes
3183 4599 3333 4656 esse,
3347 4584 3430 4641 si-

1888 4676 2106 4736 militer
2133 4681 2191 4735 et
2213 4677 2556 4752 philosophi
2589 4678 2634 4749 ⁹,
2661 4693 2773 4752 pro
2801 4677 2994 4750 gloria
3035 4676 3246 4736 mundi
3279 4678 3432 4734 citis-

1888 4773 2036 4830 sime
2079 4772 2411 4830 transitura.
2459 4770 2614 4840 Quid
2640 4787 2785 4845 ergo
2826 4770 3172 4845 eligendum
3206 4775 3292 4829 331
3315 4786 3429 4845 pro

1888 4865 2080 4940 gloria
2105 4866 2232 4924 sine
2258 4865 2489 4924 defectu
2519 4865 2582 4922 in
2619 4868 2973 4939 perpetuum
3001 4865 3428 4939 permansura?

1955 4960 2145 5018 Tertio
2174 4958 2423 5035 quidam
2460 4958 2624 5018 electi
2661 4963 2797 5017 sunt
2840 4957 2918 5017 ad
2968 4957 3221 5031 gloriam
3266 4973 3427 5016 mar·

1885 5047 2121 5130 tyrum,
2168 5053 2292 5111 sive
2328 5053 2409 5111 ad
2450 5052 2819 5112 tolerantiam
2852 5054 3304 5111 tormentorum.
3335 5054 3430 5111 Est

1886 5149 2046 5207 enim
2073 5150 2402 5221 martyrum
2433 5163 2586 5220 opus
2613 5145 2992 5217 altissimum,
3022 5161 3173 5220 opus
3202 5145 3427 5219 dignis-

1885 5295 1998 5348 111,
2026 5286 2106 5334 21.
2133 5308 2194 5319 —
2222 5284 2241 5314 ⁸
2267 5283 2387 5346 Iso„
2414 5291 2601 5340 xnvnl,
2631 5282 2707 5331 10.
2736 5305 2797 5318 -
2825 5280 2844 5310 ⁹
2872 5278 3105 5344 Hieron„
3134 5282 3189 5331 in
3218 5279 3423 5348 Manli„

1885 5368 1996 5421 xix,
2020 5356 2085 5406 de
2116 5355 2321 5405 cratere
2352 5351 2561 5417 philos„
2590 5351 2643 5401 13
2670 5352 2791 5402 flne.

1946 5442 2015 5509 (a)
2040 5440 2165 5493 σωκ.
2192 5438 2317 5491 edet.
2343 5436 2461 5493 add.
2493 5439 2567 5491 ut.
2584 5461 2649 5477 -
2675 5433 2746 5505 (b)
2774 5435 2900 5491 uem
2920 5434 3110 5494 inedia.
