4059 6317
745 525 825 585 88
1840 521 2250 589 SERMONES
2289 523 2391 589 DE
2430 523 2827 591 TEMPORE.

746 656 952 736 caligo
979 655 1079 720 vel
1109 656 1354 720 caecitas
1383 657 1746 739 corporalis,
1778 658 1879 722 vel
1904 658 2268 741 spiritualis,

747 763 850 828 vel
878 763 1215 828 aeternalis.
1258 764 1472 829 Glossa
1510 786 1527 830 :
1566 788 1598 827 α
1634 764 1782 831 Vini
1816 766 2276 831 immoderatus

748 872 1041 949 haustus,
1074 876 1138 937 et
1161 873 1495 938 exterioris
1519 877 1585 938 et
1609 873 1927 939 interioris
1971 874 2146 939 visus
2171 874 2271 937 in·

750 979 918 1060 gerit
944 978 1308 1044 caecitatem.

830 1085 918 1149 De
946 1086 1224 1151 secundo
1250 1093 1269 1128 ¹
1304 1109 1370 1151 :-
1403 1087 1517 1151 Fel
1541 1089 1889 1153 draconum
1918 1089 2144 1153 vinum
2171 1107 2278 1153 eo-

754 1210 902 1258 rum
931 1214 1003 1255 z»
1033 1193 1155 1257 hoc
1172 1193 1401 1259 vinum
1425 1198 1520 1258 est
1542 1194 1858 1278 voluptas,
1880 1199 1944 1260 et
1968 1195 2282 1277 gaudium

755 1298 923 1383 quod
949 1303 1044 1364 est
1069 1304 1292 1366 contra
1314 1301 1536 1366 Deum.
1567 1301 1968 1367 venenosum
1991 1302 2163 1367 enim
2190 1310 2287 1366 est

758 1409 1008 1488 vinum,
1052 1426 1186 1473 non
1223 1408 1482 1492 quidem
1540 1408 1910 1474 sensualiter
1927 1458 1945 1489 ,
2003 1409 2114 1474 sed
2154 1409 2283 1491 spi-

757 1514 1108 1593 ritualiter3
1150 1515 1252 1579 vel
1287 1514 1513 1580 vinum
1560 1516 2009 1598 temporaliter,
2053 1516 2162 1581 sed
2202 1514 2289 1579 fel

755 1620 1161 1686 aeternaliter.
1211 1620 1558 1703 Gregorius
1581 1628 1604 1662 ²
1644 1643 1659 1687 :
1702 1645 1733 1683 α
1775 1622 2289 1687 Momentaneum

761 1735 854 1794 est
878 1728 1050 1813 quod
1091 1728 1374 1806 delectat,
1426 1729 1723 1795 aeternale
1763 1730 1886 1794 erit
1926 1730 2097 1814 quod
2142 1749 2290 1794 cru-

761 1838 904 1902 ciat.
933 1857 966 1897 n
996 1836 1154 1901 Item
1186 1837 1266 1919 (α)
1307 1837 1534 1901 vinum
1570 1837 1840 1901 fellitum
1873 1859 1888 1902 :
1937 1838 2172 1920 accepit
2195 1836 2293 1902 Je-

765 1962 876 2008 sus
919 1943 1060 2014 felle
1105 1944 1382 2008 mixtum
1403 1992 1424 2025 ,
1489 1944 1651 2008 sicut
1695 1945 1924 2009 dicitur
1968 1946 2011 2009 ⁸.
2052 1945 2293 2012 Vinum

765 2057 981 2117 autem
1013 2052 1233 2134 gaudii
1272 2052 1580 2118 mundani
1606 2054 1789 2136 quasi
1825 2054 1896 2118 in
1935 2072 2160 2121 somno
2196 2055 2293 2118 bi-

766 2163 942 2227 bitur
959 2162 981 2200 *
1009 2179 1028 2224 ε
1061 2183 1092 2222 α
1110 2161 1287 2225 Sicut
1310 2162 1585 2226 somniat
1607 2161 1828 2228 sitiens
1849 2167 1912 2227 et
1928 2163 2109 2243 bibit,
2130 2167 2296 2247 post-

767 2289 964 2354 quam
1016 2270 1210 2334 fuerit
1267 2271 1770 2352 expergefactuS‚
1827 2272 2030 2337 lassus
2091 2272 2299 2337 adhuc

770 2378 922 2442 sitit.
952 2399 984 2438 n
1020 2376 1196 2442 Unde
1223 2378 1538 2459 contingit
1561 2380 1952 2444 amatoribus
1974 2380 2200 2445 mundi
2222 2382 2303 2445 si·

773 2490 879 2551 cut
906 2485 1157 2549 cuidam
1184 2485 1519 2550 dormienti
1558 2487 1626 2549 in
1670 2486 1852 2566 turri,
1887 2488 1989 2551 cui
2022 2488 2092 2551 in
2137 2506 2302 2552 som-

773 2594 897 2658 niis
934 2593 1227 2676 apparuit
1267 2594 1493 2658 mulier
1553 2598 1776 2658 ornata
1818 2595 2127 2659 exhibens
2170 2613 2303 2679 scy-

773 2700 971 2783 phum
1001 2717 1274 2764 aureum
1300 2719 1445 2765 cum
1473 2701 1657 2780 vino;
1688 2706 1752 2767 at
1777 2701 1882 2766 ille
1925 2720 2200 2784 surgens
2235 2702 2302 2766 in

774 2825 998 2871 somno
1021 2807 1239 2871 sitiens
1275 2809 1657 2891 sequebatur
1701 2813 1921 2891 potum
1936 2859 1953 2888 ‚
2002 2810 2201 2874 donec
2227 2810 2305 2875 de

777 2915 937 2979 turri
965 2916 1217 2994 cecidit,
1245 2918 1312 2980 et
1340 2920 1437 2980 est
1462 2917 1838 2981 confractus.
1871 2916 2200 2981 Mulierem
2226 2917 2301 2981 is-

778 3028 911 3086 lam
936 3023 1077 3086 dico
1107 3024 1446 3087 vanitatem
1474 3024 1589 3105 huj
1599 3043 1673 3087 us
1708 3025 1952 3102 mundi,
1984 3042 2132 3108 quae
2159 3044 2306 3090 cum

781 3129 1014 3210 populo
1076 3130 1419 3211 voluptatis
1467 3130 1849 3194 transitoriae
1912 3131 2070 3196 illud
2129 3133 2310 3196 nobis

779 3237 1074 3320 propinat
1097 3235 1120 3270 ⁸
1159 3255 1177 3300 ε
1215 3259 1246 3297 α
1292 3236 1518 3301 Mulier
1555 3241 1692 3302 erat
1729 3239 2117 3304 circumdata
2159 3257 2312 3322 pur-

784 3361 978 3426 pura,
1023 3335 1081 3403 n'
1105 3349 1258 3424 etc.,
1309 3345 1558 3409 habens·
1590 3345 1890 3427 poculum
1929 3364 2198 3411 aureum
2242 3347 2311 3410 in

784 3471 982 3516 manu
1007 3469 1147 3532 sua,
1177 3473 1207 3511 n
1242 3455 1361 3516 etc.
1392 3451 1465 3515 In
1483 3470 1767 3535 purpura
1787 3453 2184 3534 significatur
2205 3471 2312 3517 ex-

784 3559 1089 3638 cellentia,
1120 3561 1187 3623 in
1213 3578 1372 3624 auro
1399 3558 1744 3642 opulentia,
1787 3561 1854 3623 in
1891 3560 2119 3642 poculo
2159 3580 2310 3625 con-

785 3667 1190 3749 cupiscentia.
1243 3667 1375 3732 Hoc
1417 3667 1720 3750 poculum
1762 3673 1858 3731 est
1894 3668 2068 3731 carni
2117 3669 2315 3732 melli-

787 3781 950 3856 tum,
982 3776 1089 3840 sed
1117 3777 1367 3859 spiritui
1403 3780 1810 3841 venenatum.
1860 3775 2211 3858 Gregorius
2236 3785 2259 3820 ⁶
2287 3795 2308 3838 ⁰.

799 3907 827 3944 e
854 3884 976 3962 Qui
1007 3883 1234 3948 veneni
1272 3884 1570 3967 poculum
1612 3884 1912 3967 porrigit,
1956 3903 2069 3948 ora
2108 3885 2317 3967 poculi

789 3991 993 4056 mellis
1019 3991 1350 4057 dulcedine
1371 3992 1596 4072 tangit.
1625 4012 1656 4050 n
1675 3989 1828 4055 Haec
1855 3994 2143 4075 sequitur
2165 3994 2317 4058 stul-

789 4103 915 4177 tuS,
944 4099 1144 4163 donec
1168 4098 1247 4163 de
1276 4103 1448 4161 turre
1473 4097 1646 4161 falsae
1663 4098 2016 4161 securitatis
2043 4101 2223 4164 cadat
2249 4099 2318 4163 in

791 4205 1209 4287 praecipitium
1253 4204 1676 4270 damnationis
1718 4206 1740 4241 ⁷
1783 4223 1800 4267 ε
1854 4228 1884 4266 α
1926 4205 2088 4269 Cum
2139 4207 2319 4271 dixe-

792 4314 922 4376 rint
952 4334 967 4376 :
1003 4311 1133 4375 Pax
1159 4316 1224 4377 et
1247 4311 1572 4391 securitas,
1607 4313 1765 4375 tunc
1799 4313 2166 4393 repentinus
2211 4330 2318 4376 su-

795 4421 1119 4503 perveniet
1142 4420 1455 4484 interitus.
1489 4441 1520 4480 n

880 4530 965 4593 De
992 4529 1177 4594 tertio
1203 4528 1226 4563 ⁸
1258 4547 1275 4592 ε
1317 4552 1348 4589 α
1389 4528 1591 4592 Bibite
1623 4527 1846 4593 vinum
1888 4528 2055 4611 quod
2095 4529 2321 4593 miscui

797 4636 997 4700 vobis.
1028 4657 1057 4695 ι)
1094 4635 1225 4700 Hoc
1252 4639 1348 4699 est
1372 4636 1600 4700 vinum
1619 4634 2064 4699 consolationis
2089 4641 2150 4699 et
2179 4654 2325 4716 gra-

798 4746 904 4808 tiae
923 4742 1192 4825 Spiritus
1208 4742 1406 4806 sancti
1424 4742 1445 4777 ⁰
1471 4763 1486 4805 ε
1511 4763 1542 4802 α
1563 4740 1768 4808 Musto
1782 4741 1948 4824 pleni
1969 4746 2121 4805 sunt
2140 4743 2263 4806 isti.
2282 4765 2314 4802 ι)

798 4851 1067 4915 Mixtum
1089 4853 1187 4913 est
1208 4848 1659 4932 poenitentibus
1687 4866 1852 4930 aqua
1894 4848 2320 4927 contritionis;

799 4957 1134 5022 Psalmista
1153 4959 1199 4997 ¹⁰
1232 4978 1247 5020 ε
1275 4978 1305 5015 α
1332 4953 1568 5019 Potasti
1586 4971 1704 5017 nos
1732 4955 1881 5020 vino
1900 4957 2328 5038 compunctio-

799 5064 920 5127 niS.
950 5085 981 5124 n
1031 5063 1153 5128 Sed
1179 5063 1358 5145 prius
1384 5062 1525 5126 haec
1558 5081 1724 5145 aqua
1766 5064 2038 5129 mittitur
2085 5066 2156 5128 in
2204 5066 2327 5148 hy-

800 5170 1004 5235 driam
1023 5219 1043 5249 ‚
1096 5188 1291 5252 quam
1343 5168 1592 5233 vinum.
1643 5170 1799 5234 ltem
1845 5171 2328 5252 proficientibus

865 5296 1067 5356 ⁸Deut.,
1094 5308 1261 5358 xxxlt,
1291 5297 1367 5345 33.
1395 5322 1450 5331 -
1473 5295 1491 5325 ²
1513 5297 1662 5359 Greg.
1694 5322 1744 5332 -ο
1777 5296 1795 5326 ³
1824 5296 2026 5355 Mutua..
2058 5308 2219 5358 xxvn,
2249 5301 2328 5348 34.

804 5393 864 5404 -
902 5368 922 5401 ⁸
951 5369 1068 5430 Im„
1104 5379 1260 5428 xxix,
1298 5369 1344 5416 8.
1377 5392 1439 5404 —
1473 5368 1493 5398 ⁸
1519 5369 1686 5430 Apoc„
1709 5378 1840 5430 xvn,
1868 5370 1914 5417 4.
1946 5393 2009 5404 —
2047 5369 2068 5404 ⁶
2093 5370 2246 5432 Greg.
2268 5395 2331 5407 —

805 5437 827 5472 ⁷
859 5439 873 5485 Ι
906 5436 1088 5499 Thess„
1114 5449 1164 5501 v,
1192 5440 1240 5490 3.
1270 5464 1329 5475 -
1355 5436 1379 5474 ⁸
1406 5439 1571 5496 Ρνου..
1597 5449 1668 5500 tx,
1700 5441 1745 5489 5.
1774 5464 1836 5476 -
1860 5439 1883 5474 ⁸
1909 5440 2045 5496 Act„
2074 5451 2133 5501 ιι,
2164 5445 2240 5490 ¹3.
2269 5465 2331 5477 —

810 5509 848 5546 ¹⁰
874 5508 1007 5558 Psat.
1041 5520 1157 5577 LIX,
1195 5512 1241 5559 5.
1273 5534 1336 5547 —-
1364 5513 1396 5541 ¹⁸
1433 5510 1598 5573 Cant„
1627 5521 1677 5574 V,
1708 5515 1751 5562 1.
1786 5537 1837 5549 ·-
1873 5509 1913 5545 ¹²
1944 5510 2113 5570 Cant„
2142 5521 2253 5572 vlu,
2281 5513 2328 5559 2.

2384 661 2661 725 mixtum
2699 661 2860 727 lacte
2900 662 3256 729 devotionis
3283 665 3325 707 ¹¹
3360 687 3375 729 ε
3439 688 3470 728 c
3507 665 3644 732 Bibi
3679 669 3885 735 vinum

2385 785 2533 831 cum
2558 768 2718 834 lacte
2745 788 2912 834 meo,
2939 793 2971 831 n
3006 770 3165 836 Item
3199 772 3488 855 perfectis
3514 775 3778 840 mixtum
3802 783 3889 843 ast

2384 875 2646 956 pulvere
2671 879 2735 940 et
2759 877 3087 959 speciebus
3110 878 3421 944 virtutum
3441 883 3527 945 ¹¹:
3554 905 3587 943 α
3607 881 3769 949 Dabo
3783 885 3887 949 tibi

2387 983 2686 1066 poculum
2712 1002 2795 1048 ex
2835 984 2990 1050 vino
3031 986 3301 1051 condito.
3347 1009 3379 1048 n
3431 987 3584 1065 Quis
3627 1006 3890 1072 unquam

2387 1091 2601 1155 clauso
2644 1109 2756 1156 ore
2807 1091 2968 1157 vidit
3015 1092 3292 1175 aliquem
3326 1093 3650 1158 bibentem
3700 1095 3890 1160 illud?

2393 1198 2461 1263 Si
2473 1216 2631 1279 ergo
2643 1198 2868 1263 vinum
2881 1197 3151 1280 Spiritus
3160 1199 3361 1263 sancti
3372 1200 3469 1266 vis
3481 1201 3717 1281 bibere,
3727 1202 3895 1268 debes

2392 1323 2464 1371 os
2491 1305 2736 1387 aperire
2761 1305 2831 1369 in
2853 1306 3158 1371 oratione.
3183 1305 3548 1371 Bernardus
3563 1308 3611 1344 ²⁸
3640 1329 3655 1371 :
3685 1306 3897 1373 «Oran-

2395 1413 2475 1477 do
2497 1411 2735 1476 bibitur
2759 1413 2987 1477 vinum
3031 1412 3305 1497 Spiritus
3349 1416 3551 1479 sancti
3596 1414 3900 1480 laetifieans

2396 1538 2503 1583 eor
2527 1520 2808 1585 hominis
2828 1538 2846 1583 ε
2870 1520 3097 1586 vinum
3119 1521 3289 1603 quod
3307 1521 3577 1587 inebriat
3602 1523 3898 1606 spiritum,

2396 1631 2461 1691 et
2501 1626 2853 1691 carnalium
2889 1628 3293 1711 voluptatum
3333 1628 3611 1693 infundit
3656 1630 3902 1696 oblivio·

2397 1752 2569 1799 nem.
2601 1756 2632 1795 n
2665 1734 2797 1800 Hoc
2822 1734 3049 1799 vinum
3085 1736 3369 1818 nuptiale
3410 1740 3505 1801 est
3547 1758 3563 1799 :
3612 1736 3750 1801 ideo
3789 1755 3907 1801 non

2397 1842 2587 1907 datur
2612 1859 2744 1906 non
2760 1841 3137 1907 habentibus
3159 1846 3399 1907 vestem
3426 1843 3775 1926 nuptialem
3802 1862 3905 1907 no-

2400 1966 2502 2015 vae
2538 1950 3058 2027 conversationiS‚
3100 1951 3214 2034 qni
3256 1952 3463 2015 adhuc
3501 1952 3702 2016 veteri
3738 1950 3910 2016 malae

2402 2057 2552 2121 vitae
2578 2075 2756 2122 sacco
2782 2057 3135 2122 induuntur
3151 2058 3235 2121 ¹⁶:
3267 2079 3299 2118 α
3315 2057 3533 2141 Neque
3560 2058 3815 2123 mittunt
3831 2058 3912 2121 vi-

2402 2181 2563 2229 num
2589 2181 2833 2230 novum
2857 2164 2929 2229 in
2955 2167 3129 2229 utres
3145 2170 3408 2230 veteres.
3435 2187 3467 2227 ι

2483 2266 2570 2331 De
2597 2273 2823 2350 quarto
2852 2267 2896 2302 ¹⁸
2930 2290 2944 2332 ε
2985 2289 3016 2327 c<
3050 2266 3284 2333 Vinum
3306 2318 3323 2349 ,
3352 2273 3427 2333 ut
3464 2268 3917 2350 magnificentia

2403 2375 2586 2456 regia
2609 2375 2887 2456 dignum
2911 2379 3067 2455 erat,
3098 2377 3428 2440 abundans
3454 2380 3519 2440 et
3538 2376 3916 2458 praecipuum

2407 2483 2757 2564 ponebatur
2787 2505 2802 2546 t
2831 2505 2861 2544 ι)
2897 2487 2961 2548 et
2982 2483 3213 2548 dicitur
3235 2483 3324 2547 ibi
3359 2484 3526 2567 quod
3560 2482 3801 2567 poculis
3824 2500 3920 2546 au·

2407 2591 2535 2653 reis
2560 2590 2879 2654 bibebant.
2907 2589 3073 2656 Vasa
3107 2595 3259 2655 sunt
3289 2591 3487 2655 sancti
3525 2609 3727 2656 aurea
3758 2590 3921 2655 clari·

2408 2702 2536 2762 tate
2553 2747 2569 2778 ,
2629 2699 2707 2763 de
2753 2699 2988 2780 quibus
3026 2698 3444 2781 jucunditatis
3488 2702 3751 2763 aeternae
3786 2697 3925 2762 vina

2409 2806 2701 2870 bibemus
2738 2824 2889 2870 cum
2923 2808 3278 2889 gratiarum
3323 2806 3588 2872 actione.
3623 2807 3667 2849 ²⁸
3706 2830 3738 2869 a
3757 2806 3925 2871 Gem-

2413 2912 2588 2978 mula
2612 2913 2978 2977 carbunculi
3002 2914 3072 2977 in
3098 2917 3470 2978 ornamento
3497 2913 3665 2993 auri,
3687 2918 3751 2978 et
3776 2930 3926 2978 com·

2412 3021 2655 3105 paratio
2686 3021 3078 3086 musicorum
3110 3020 3179 3084 iu
3220 3019 3514 3085 convivio
3544 3019 3709 3085 vini.
3740 3041 3771 3078 ι
3803 3018 3928 3083 Gar-

2415 3128 2735 3193 bunculus
2760 3128 2829 3192 in
2856 3145 3009 3192 auro
3043 3132 3136 3192 est
3170 3127 3369 3193 deitas
3408 3126 3476 3191 in
3519 3126 3924 3203 humanitate,

2415 3236 2519 3302 vel
2544 3236 2760 3300 anima
2784 3235 3125 3318 cujuslibet
3151 3235 3351 3299 sancti
3374 3234 3446 3298 in
3470 3252 3737 3318 corpore
3759 3233 3930 3316 glori-

2416 3344 2620 3407 ficato.
2652 3343 2889 3407 Musica
2912 3342 2984 3405 in
3027 3342 3179 3407 vino
3208 3342 3351 3407 laus
3377 3346 3474 3407 est
3496 3346 3560 3405 et
3593 3342 3931 3423 gratiarum

2417 3454 2577 3518 actio
2600 3454 2667 3516 in
2695 3452 2933 3534 gaudio
2961 3456 3220 3516 aeterno.
3252 3450 3431 3515 Tune
3472 3452 3821 3533 poterimus
3845 3449 3929 3514 di·

2418 3578 2560 3625 cere
2600 3559 2643 3595 ¹⁷
2698 3582 2713 3622 ε
2768 3582 2799 3621 (ι
2836 3558 3115 3624 Servasti
3167 3558 3393 3622 vinum
3452 3560 3698 3622 bonum
3747 3573 3933 3640 usque

2419 3666 2648 3732 adhuc.
2680 3689 2711 3726 ι
2751 3667 2935 3749 Aqua
2967 3665 3140 3730 enim
3170 3663 3602 3746 lacrymarum
3648 3664 3935 3748 poeniten-

2422 3776 2551 3854 tiae,
2581 3776 2686 3842 vel
2713 3776 3102 3859 baptismalis
3129 3775 3537 3855 innocentiae,
3580 3777 3654 3840 in
3694 3794 3806 3840 sex
3829 3774 3933 3855 hy·

2423 3886 2577 3950 driis
2603 3902 2717 3948 sex
2741 3887 3004 3947 aetatum
3045 3884 3349 3948 humanae
3393 3882 3567 3961 vitae,
3617 3884 3730 3948 flet
3775 3881 3938 3946 nobis

2423 3993 2652 4056 vinum
2680 3991 2926 4072 gloriae.
2958 3989 3120 4067 Quid
3149 3988 3410 4069 mirum,
3442 3991 3497 4053 si
3535 4009 3710 4074 aqua
3749 3990 3935 4070 lacry-

2427 4116 2681 4163 marum
2726 4097 3181 4163 contritionum
3231 4098 3344 4160 flet
3381 4097 3564 4161 nobis
3610 4098 3833 4163 viuum
3881 4096 3939 4158 in

2427 4205 2715 4289 praemio,
2736 4223 2880 4269 cum
2903 4206 3039 4286 jam
3060 4204 3142 4269 sit
3158 4203 3408 4285 angelis
3427 4204 3655 4268 vinum
3674 4204 3743 4267 in
3760 4201 3941 4268 coelo?

2428 4314 2844 4379 Bernardus¹⁸
2868 4336 2882 4377 :
2910 4336 2940 4374 (ι
2954 4311 3260 4395 Lacryma
3284 4312 3705 4394 poenitentum
3734 4313 3942 4376 vinum

2429 4429 2524 4487 est
2550 4421 2953 4503 angelorum.
2984 4443 3016 4482 ι)
3042 4420 3210 4497 Quot
3227 4425 3442 4484 autem
3468 4420 3765 4484 aetatibus
3788 4418 3945 4484 vixe-

2434 4530 2519 4594 ris
2547 4529 2684 4593 sine
2705 4527 2914 4610 gratia
2933 4526 3313 4610 baptismali,
3336 4528 3428 4590 tot
3449 4526 3716 4608 hydrias
3733 4541 3947 4589 vacuas

2430 4637 2626 4701 habes
2652 4640 2716 4700 et
2740 4636 2877 4699 sine
2899 4652 3065 4716 aqua
3093 4651 3110 4697 t
3156 4632 3326 4698 unde
3372 4650 3579 4716 neque
3624 4632 3847 4697 vinum
3870 4630 3947 4693 ibi

2430 4761 2712 4826 recipies.

2975 4900 3262 4971 SERMO
3308 4901 3423 4970 III.

2526 5067 2601 5134 Ut
2624 5070 2838 5133 autem
2876 5065 3165 5148 qustavit
3200 5063 3687 5131 architriclinus
3732 5077 3952 5147 aquam

2437 5177 2660 5242 vinum
2698 5174 2939 5253 factam
2966 5171 3031 5250 ¹⁹,
3061 5175 3180 5235 etc.
3217 5170 3522 5235 Mirabilis
3545 5175 3644 5235 est
3667 5171 3788 5236 ista
3811 5187 3947 5234 con·
3989 5175 4038 5226 ou

2438 5313 2500 5325 —
2537 5287 2576 5320 ²³
2610 5288 2760 5336 Bern.
2790 5310 2852 5321 -
2883 5285 2915 5315 ¹⁴
2948 5283 3148 5346 Mutela„
3181 5295 3259 5342 lx,
3297 5285 3373 5333 17.
3401 5309 3463 5321 -
3496 5285 3534 5319 ¹⁵
3562 5285 3729 5342 Erat„
3758 5295 3802 5346 1,
3828 5286 3873 5331 7.
3904 5306 3951 5315 -·

2444 5359 2480 5394 ¹⁶
2516 5358 2693 5419 Eccli„
2722 5368 2890 5419 xxxn,
2924 5358 2971 5405 ”ι.
3001 5381 3060 5393 -
3094 5355 3132 5390 ¹⁷
3160 5356 3324 5412 han..
3350 5366 3410 5416 11,
3440 5358 3516 5405 10.
3539 5379 3602 5392 —
3641 5354 3685 5391 ¹⁸
3709 5357 3878 5416 Bet-n„
3910 5353 3952 5399 iu

2442 5428 2605 5490 Cant„
2638 5441 2793 5478 serm.
2818 5440 2944 5491 xxx,
2969 5440 3023 5477 n.
3053 5430 3101 5476 3.
3129 5454 3193 5465 -
3220 5427 3260 5462 ¹⁹
3286 5427 3450 5487 Joan„
3479 5438 3541 5490 11,
3569 5429 3615 5478 9.

2502 5511 2562 5571 (α)
2592 5508 2714 5561 Caet.
2742 5508 2867 5559 edit.
2899 5508 3057 5559 idem.
