4059 6317
1047 434 1424 506 DOMINICA
1466 432 1548 500 lx
1586 430 1785 500 POST
1828 431 2412 502 PENTECOSTEN.
2457 434 2719 505 SERMO
2762 437 2842 505 ΙΙ.

336 579 559 660 David,
576 574 927 662 iniquitatis
941 576 1073 640 tuae
1086 572 1500 657 gravitatem.
1518 570 1839 637 Psalmus¹
1857 591 1873 635 z

337 712 370 750 α
397 687 578 754 Sicut
604 704 770 751 onus
797 702 1022 766 grave,
1055 704 1086 744 n
1121 685 1240 747 etc.
1272 680 1429 746 Item
1447 675 1878 760 multiplicita-

331 799 499 874 tem3
547 792 846 859 Psalmus
871 798 896 833 ¹
925 813 941 856 ε
982 812 1014 852 c
1036 786 1465 871 Multiplicatae
1502 787 1652 849 sunt
1685 801 1878 866 super

329 901 592 986 capillos
617 899 839 983 capitis
865 898 1016 963 mei.
1045 919 1076 958 n
1115 894 1375 961 Peccavi
1417 909 1608 976 super
1645 908 1876 955 nume-

327 1030 480 1076 rum
505 1025 720 1076 arenae
750 1007 970 1071 maris.
995 1005 1153 1070 Item
1179 1003 1547 1078 soeditatem,
1577 999 1732 1083 quia
1758 1016 1878 1080 pu-

324 1118 506 1183 tredo
537 1121 632 1182 est
669 1114 882 1181 omnis
909 1112 1250 1195 iniquitas,
1281 1108 1612 1174 psalmista
1638 1111 1662 1147 ⁸
1694 1129 1709 1171 :
1740 1104 1872 1171 Pu·

323 1229 622 1290 truerunt
680 1225 747 1288 et
797 1223 1112 1303 corruptas
1155 1220 1307 1282 sunt
1356 1215 1696 1294 cicatrices,
1749 1216 1870 1277 etc.

3416 448 3526 512 381

1988 574 2175 635 ratur
2212 571 2708 639 misericordiam
2734 591 3054 660 quaerens.
3084 595 3117 637 n
3151 574 3200 643 Ο
3227 577 3285 642 si
3310 596 3532 663 pecca-

1983 679 2087 743 tor
2112 678 2223 743 Dei
2248 685 2662 762 cognosceret
2688 683 3026 766 judicium,
3050 702 3181 767 qno
3196 685 3353 752 fletu
3378 688 3532 756 flere

1984 789 2245 867 posset?
2278 785 2457 852 Unde
2483 788 2562 852 de
2590 790 2851 868 mundo,
2886 795 2998 856 aut
3023 791 3103 857 de
3127 793 3347 859 anima
3381 814 3527 879 pec-

1983 896 2235 974 catrice,
2266 895 2388 960 sub
2413 897 2631 978 figura
2655 896 3016 981 Babylonis,
3048 900 3138 964 sic
3166 901 3401 967 dicitur
3431 905 3478 942 ¹¹
3511 927 3526 970 ε

1992 1023 2024 1062 α
2051 1000 2254 1079 Quam
2278 1001 2350 1085 (b)
2373 1003 2618 1068 flebunt
2631 1010 2694 1069 et
2710 1007 3018 1088 plangent
3037 1026 3230 1091 super
3248 999 3423 1075 illam
3442 1030 3532 1078 re-

1983 1125 2099 1189 ges
2127 1113 2338 1187 terrae,
2369 1108 2685 1176 dicentes:
2716 1110 2850 1192 Vae,
2872 1132 2999 1193 vae,
3021 1132 3146 1192 vae,
3169 1115 3394 1182 civitas
3421 1119 3531 1184 illa
3618 1115 3629 1126 '

1982 1233 2225 1297 magna
2250 1214 2554 1299 Babylon,
2585 1218 2892 1301 quoniam
2916 1221 2986 1285 in
3012 1240 3144 1287 una
3167 1223 3327 1289 hora
3352 1227 3530 1292 venit

323 1331 658 1398 Cicatrices
697 1333 848 1395 sunt
891 1327 1184 1393 vulnera.
1234 1323 1452 1389 Glossa
1481 1344 1499 1387 z
1536 1345 1567 1384 α
1592 1320 1874 1386 Vulnera
1969 1323 2293 1404 judicium
2338 1327 2543 1388 tuum.
2593 1346 2625 1385 n
2677 1327 2778 1391 Voe
2821 1345 2939 1410 pro
2980 1334 3232 1410 peccato
3277 1333 3523 1415 cordis;

321 1446 544 1505 sanata
589 1445 741 1505 sunt
785 1456 898 1522 per
936 1436 1349 1520 baptismum,
1377 1432 1482 1498 vel
1509 1449 1623 1515 per
1662 1430 1867 1512 poeni-

219 1529 228 1539 ¹
321 1548 630 1626 tentiam3
662 1564 812 1631 quae
837 1546 1231 1630 putrescunt,
1276 1558 1425 1607 cum
1456 1544 1710 1623 peccato
1749 1538 1870 1602 ite-

318 1674 472 1721 rum
499 1655 915 1721 consentitur.
954 1653 1004 1719 O
1030 1669 1226 1734 quam
1250 1648 1418 1713 foeda
1443 1649 1509 1711 et
1529 1645 1746 1711 foetida
1775 1649 1871 1709 est

318 1782 539 1829 coram
583 1762 709 1828 Deo
756 1765 1159 1844 peccatorum
1189 1754 1602 1840 putrefactio!
1634 1755 1864 1834 Augu-

320 1871 528 1937 stinus
561 1870 584 1906 ⁸
625 1892 642 1935 ε
683 1892 716 1932 e
757 1869 917 1935 Tam
950 1866 1345 1933 tolerabilius
1369 1865 1543 1929 canis
1568 1862 1867 1946 putridus

318 1979 495 2044 foetet
544 1977 938 2056 hominibus,
1011 1992 1210 2058 quam
1271 1973 1490 2036 anima
1548 1971 1868 2054 peccatrix

320 2084 469 2150 Deo.
510 2105 543 2145 υ
589 2083 853 2151 Necesse
879 2086 1050 2148 certe
1075 2079 1366 2164 estquod
1393 2079 1591 2144 homo
1618 2094 1861 2159 cogno-

318 2195 450 2256 scat
476 2195 731 2274 peccata
756 2209 877 2254 sua
913 2208 932 2253 z
963 2187 1284 2272 quomodo
1315 2186 1488 2251 enim
1514 2184 1868 2252 inimicitiae

319 2299 825 2383 pacificarentur,
855 2294 1176 2379 quomodo
1213 2293 1423 2357 morbi
1456 2294 1861 2370 sanarentur,

318 2407 375 2470 si
398 2423 528 2470 non
549 2423 687 2470 esse
713 2405 1254 2485 cognoscerentur
1269 2401 1302 2464 ?
1332 2399 1436 2465 Sic
1456 2404 1624 2464 certe
1641 2417 1865 2484 pacem

319 2532 470 2578 cum
497 2513 646 2594 Deo,
677 2531 828 2578 cum
853 2510 1140 2592 Angelis,
1183 2514 1247 2574 et
1285 2508 1669 2592 quandoque
1712 2525 1863 2571 cum

317 2621 716 2701 hominibuS,
754 2623 821 2686 et
847 2618 1243 2684 curationem
1276 2617 1533 2694 animae,
1567 2619 1631 2679 et
1666 2632 1866 2697 quan-

317 2730 529 2813 doque
584 2729 890 2813 corporiS,
944 2727 1245 2810 consequi
1296 2744 1427 2790 non
1481 2727 1684 2807 potes,
1739 2722 1865 2787 nisi

316 2855 669 2919 cognoscas
724 2854 839 2920 per
902 2835 1368 2910 contritionem,
1434 2849 1550 2915 per
1612 2831 1862 2895 conses-

317 2945 564 3009 sionem
596 2949 849 3027 peccata
891 2946 1006 3008 tua
1047 2942 1090 3004 ⁸.
1147 2964 1178 3003 α
1211 2938 1703 3023 Expectavimus
1747 2956 1859 3021 pa-

317 3069 477 3132 cem,
521 3054 588 3116 et
618 3069 753 3116 non
791 3055 965 3128 erat;
1006 3050 1250 3113 bonum
1286 3050 1540 3130 tempus
1570 3044 1859 3125 medelae,

317 3165 381 3225 et
406 3178 551 3224 ecce
577 3158 882 3224 formido:
907 3156 1310 3240 peccavimus
1323 3154 1497 3218 enim
1515 3152 1803 3217 Domino.
1820 3173 1852 3212 n

319 3267 368 3333 Ο
400 3268 456 3332 si
482 3271 733 3351 peccata
756 3270 870 3331 tua
895 3281 1332 3347 cognosceres,
1364 3263 1680 3345 quantum
1712 3278 1862 3325 cum

317 3373 507 3440 Petro
530 3374 684 3439 flere
706 3375 961 3457 posses!
993 3373 1016 3407 ⁸
1052 3393 1084 3432 c<
1112 3371 1424 3452 Egressus
1454 3369 1647 3448 foras,
1684 3367 1864 3432 flevit

318 3500 556 3547 amare.
572 3503 603 3543 n
622 3480 1028 3563 Augustinus
1039 3479 1061 3514 ‘¹
1082 3501 1098 3544 ε
1127 3501 1156 3541 α
1174 3476 1298 3557 Qui
1313 3495 1380 3541 se
1393 3477 1808 3557 cognoscunt,
1821 3496 1852 3535 n

316 3593 436 3655 etc.
469 3589 748 3672 Require
781 3605 979 3671 supra
1003 3587 1028 3624 ⁸
1053 3586 1124 3651 in
1147 3602 1441 3651 sermone
1480 3604 1498 3648 t
1541 3584 1666 3650 Est
1701 3598 1864 3665 puer

319 3711 490 3763 unus
513 3696 643 3777 hic,
674 3698 796 3761 etc.

397 3803 483 3869 De
536 3802 839 3882 secundo,
897 3799 1190 3865 Psalmus
1241 3799 1264 3834 ⁸
1297 3819 1313 3863 ε
1363 3820 1395 3860 α
1422 3797 1697 3879 (ignovi,
1743 3796 1862 3864 Do-

318 3912 512 3993 mine,
534 3910 691 3994 quia
719 3909 987 3993 aequitas
1007 3907 1250 3991 judicia
1274 3911 1410 3971 tua.
1426 3925 1457 3965 n
1496 3903 1610 3969 Illa
1634 3904 1861 3987 utique

312 4013 575 4096 judicia,
601 4014 682 4078 de
711 4013 947 4096 quibus
971 4011 1077 4076 ille
1103 4010 1215 4093 qui
1241 4008 1326 4091 (a)
1365 4008 1637 4073 habebat
1670 4029 1702 4069 α
1723 4007 1858 4071 dia-

316 4121 568 4187 demata
641 4120 845 4185 multa
874 4166 895 4199 ,
975 4122 1039 4183 et
1090 4116 1380 4199 gladium
1453 4134 1538 4181 ex
1588 4119 1860 4197 utraque

315 4233 493 4312 parte
547 4233 844 4307 acutum,
882 4247 914 4286 n
965 4223 1463 4305 commendatur,
1513 4241 1662 4288 cum
1706 4222 1863 4287 dici-

314 4341 421 4402 tur
447 4338 494 4377 ¹⁰
516 4358 582 4401 :a
607 4335 767 4401 Cum
783 4334 1029 4417 justitia
1048 4335 1294 4416 pugnat
1315 4336 1380 4396 et
1388 4331 1664 4414 judicat:
1688 4350 1719 4389 n
1747 4332 1860 4413 ju-

316 4448 487 4508 stum
536 4443 855 4527 judicium
879 4488 897 4521 ,
951 4460 1100 4506 cum
1150 4441 1504 4506 diademate
1555 4455 1859 4504 coronare

313 4551 536 4632 bonOS,
570 4550 785 4633 gladio
812 4549 1023 4628 ferire,
1052 4552 1117 4613 et
1143 4566 1435 4631 pugnare
1467 4551 1689 4612 contra
1716 4565 1854 4611 ma-

313 4657 426 4723 loS.
459 4658 805 4740 Cognosce,
835 4656 1028 4722 miser
1054 4656 1271 4736 homo,
1294 4653 1539 4738 judicia
1560 4653 1669 4718 Dei
1685 4671 1860 4718 nunc

313 4765 382 4829 in
400 4766 644 4831 mundo
661 4765 1020 4843 salubriter,
1051 4782 1131 4827 ne
1157 4763 1224 4826 in
1245 4761 1487 4845 judicio
1508 4778 1858 4842 cognoscas

311 4869 468 4937 tunc
492 4871 824 4938 inutiliter.
855 4869 1217 4936 Bernardus
1239 4870 1282 4905 ²¹
1316 4887 1333 4933 ε
1371 4891 1403 4930 c
1430 4867 1857 4951 Cognoscetur

313 4982 481 5046 certe
495 4976 1054 5062 Dominusjudieia
1072 4977 1328 5056 faciens,
1344 4976 1458 5060 qui
1473 4994 1649 5042 nunc
1665 4976 1856 5059 igno-

375 5139 394 5175 ¹
421 5137 562 5190 Psal.
589 5151 773 5190 xxxvn
791 5179 807 5202 ,
832 5143 881 5190 5.
915 5164 977 5178 —
1014 5140 1038 5174 ²
1062 5137 1202 5189 Psal.
1233 5149 1428 5201 xxxtx,
1455 5140 1535 5200 13.
1569 5164 1635 5176 -
1664 5139 1688 5175 ⁸
1715 5138 1854 5203 Psal,

312 5224 528 5276 xxxvn,
558 5214 606 5262 6.
627 5239 690 5251 -
716 5213 739 5249 ⁸
760 5215 888 5277 Aug.
915 5239 978 5249 —
1004 5212 1025 5247 ⁸
1050 5212 1255 5273 lev-em„
1277 5224 1392 5272 vm,
1426 5215 1500 5261 15.
1520 5238 1583 5250 -
1611 5213 1631 5248 ⁸
1652 5213 1853 5274 Mutila,

201 5327 210 5334 .
312 5295 461 5340 τινι.
488 5284 577 5346 Ἰ5;
609 5284 745 5345 Luc„
769 5296 906 5346 1111,
936 5285 1016 5335 62.
1054 5307 1106 5320 s-
1135 5284 1151 5314 ²
1179 5285 1310 5346 Aug.
1337 5308 1402 5320 -
1430 5281 1455 5318 ⁸
1489 5282 1607 5333 vid.
1638 5295 1776 5347 sup.,
1802 5286 1856 5333 in

315 5353 593 5418 Quaado-aq„
631 5356 778 5409 Dom.
825 5367 899 5418 xv,
933 5368 1089 5405 serm.
1127 5365 1220 5416 111,
1261 5367 1378 5417 pag.
1403 5356 1523 5413 175,
1564 5352 1665 5404 col.
1708 5359 1754 5403 1.
1792 5380 1857 5392 -

315 5425 335 5453 ⁸
357 5426 480 5479 Psat
504 5437 689 5491 cxvm,
717 5430 799 5480 75.
826 5454 889 5466 —
919 5429 954 5459 ¹·
982 5429 1151 5491 apoc,
1178 5439 1290 5490 xlx,
1314 5429 1393 5488 12,
1423 5427 1500 5475 15.
1522 5450 1583 5462 -—
1609 5426 1648 5459 ¹¹
1683 5427 1854 5488 Bern„

1977 1446 2076 1496 voe
2109 1448 2228 1514 pro
2258 1435 2512 1514 peccato
2538 1431 2707 1512 oris3
2740 1449 2835 1500 voe
2862 1453 2976 1517 pro
3002 1442 3258 1519 peccato
3284 1442 3521 1524 operis.

1978 1536 2208 1603 Melius
2251 1544 2416 1605 esset
2449 1539 2557 1604 hic
2591 1541 2768 1620 flere,
2811 1562 3007 1627 quam
3042 1547 3448 1616 aeternaliter.
3481 1552 3529 1590 ¹⁸

1985 1668 2016 1707 α
2046 1645 2139 1710 Ibi
2166 1646 2287 1711 erit
2311 1646 2501 1712 fletus
2525 1651 2589 1713 et
2619 1650 2853 1716 stridor
2876 1652 3188 1719 dentium.
3220 1679 3252 1717 n

2056 1752 2144 1818 De
2155 1753 2341 1819 tertio
2357 1754 2400 1790 ¹⁴
2417 1775 2433 1819 ε
2448 1777 2479 1815 c
2490 1754 2564 1820 In
2578 1755 2702 1822 hoc
2714 1758 3142 1839 cognovimus
3154 1762 3525 1830 charitatem

1982 1856 2111 1937 Dei,
2153 1859 2460 1942 quoniam
2499 1860 2635 1944 ipse
2672 1882 2790 1946 pro
2817 1865 3000 1930 nobis
3026 1867 3310 1934 animam
3336 1890 3523 1937 suam

1973 1967 2209 2049 posuit.
2257 1989 2290 2027 ι)
2341 1966 2519 2034 Sicut
2565 1971 2740 2035 enim
2782 1971 2973 2038 Jonas
3013 1976 3296 2041 animam
3340 1997 3525 2045 suam

1973 2074 2210 2157 posuit,
2242 2077 2316 2139 ut
2341 2075 2450 2139 alii
2472 2075 2875 2144 salvarentur
2899 2079 2970 2144 in
3002 2082 3192 2161 navi;
3228 2085 3319 2151 sie
3340 2086 3521 2152 Chri·

1973 2186 2133 2263 stus,
2164 2188 2239 2247 ut
2269 2183 2339 2247 in
2365 2185 2519 2248 navi
2554 2184 2851 2252 Ecclesiae
2886 2188 3302 2258 salvaremur.
3343 2193 3523 2271 Quod

1974 2290 2026 2354 si
2066 2291 2265 2355 homo
2308 2295 2476 2356 recte
2518 2293 2828 2375 passionis
2880 2297 3255 2362 charitatem
3294 2300 3524 2367 Christi

1975 2403 2379 2479 agnosceret,
2407 2405 2647 2483 quanta
2672 2401 2957 2467 Christus
2983 2422 3202 2471 amore
3227 2410 3427 2471 nostri
3453 2409 3523 2475 in

1972 2504 2198 2589 capite,
2234 2506 2302 2570 in
2327 2507 2646 2587 manibus,
2693 2508 2760 2572 in
2795 2510 3085 2593 pedibus,
3116 2513 3185 2577 in
3212 2513 3419 2597 dorso,
3451 2517 3522 2582 in

1971 2610 2156 2690 collo,
2199 2611 2266 2676 in
2314 2613 2496 2693 facie,
2533 2615 2602 2679 in
2644 2632 2777 2697 ore,
2828 2616 2896 2681 in
2951 2622 3156 2685 morte
3193 2622 3516 2704 sustinuit,

1972 2718 2135 2783 bene
2161 2720 2316 2786 ssere
2338 2725 2568 2804 posset.
2600 2721 2738 2805 lpse
2759 2724 2933 2788 enim
2953 2726 3156 2808 judex
3176 2733 3412 2810 noster,
3441 2730 3521 2797 de

1970 2830 2157 2910 cujus
2200 2835 2405 2894 morte
2448 2829 2680 2895 dicitur
2721 2849 2837 2914 per
2876 2833 3158 2915 figuram
3202 2835 3281 2900 de
3317 2842 3522 2905 morte

1969 2931 2152 2998 Judae
2194 2935 2239 2971 ¹⁸
2275 2957 2291 3001 ε
2332 2959 2364 2997 c
2388 2935 2733 3002 Fleverunt
2782 2948 2932 3004 eum
2992 2940 3202 3006 omnis
3244 2943 3521 3026 populus

1972 3038 2166 3105 Israel
2191 3037 2452 3125 planctu
2477 3062 2739 3125 magno.
2772 3044 3101 3122 Quomodo
3144 3050 3364 3115 cecidit
3402 3070 3516 3135 po-

1969 3151 2131 3226 tens,
2170 3149 2283 3232 qui
2318 3151 2571 3217 salvum
2606 3152 2873 3220 faciebat
2902 3155 3211 3238 populum
3237 3156 3448 3240 Israel,
3478 3183 3511 3222 n

1971 3257 2092 3319 etc.
2123 3254 2204 3320 Et
2228 3257 2372 3340 quis
2389 3261 2602 3341 posset
2619 3260 2893 3325 transire
2907 3261 3087 3327 siccis
3104 3264 3325 3343 oculis,
3347 3267 3520 3348 quod

1971 3360 2194 3428 lancea
2220 3365 2438 3430 militis
2462 3366 2631 3431 latus
2652 3368 2969 3433 transfixit
2987 3368 3329 3437 salvatoris
3343 3376 3375 3436 ⁴?
3406 3373 3520 3440 Po-

1969 3469 2102 3534 tius
2126 3473 2348 3536 tamen
2370 3473 2526 3538 ssere
2548 3473 2736 3539 debet
2757 3480 3049 3558 peccator
3078 3478 3350 3545 vulnera
3378 3483 3519 3546 ani-

1972 3594 2100 3642 mae
2127 3596 2287 3659 suae,
2318 3598 2438 3663 pro
2465 3581 2706 3664 quibus
2722 3583 2984 3666 patitur,
3005 3604 3202 3668 quam
3225 3587 3515 3670 vulnera,

1970 3703 2121 3767 quae
2147 3704 2378 3769 corpus
2399 3686 2629 3754 Christi
2652 3690 2891 3773 patitur
2905 3691 2985 3756 ¹⁶:
3010 3714 3041 3754 α
3055 3691 3233 3758 Filiae
3256 3692 3289 3758 J
3293 3713 3519 3760 erusa-

1966 3793 2098 3862 lem
2112 3842 2135 3875 ‚
2176 3795 2370 3861 nolite
2412 3795 2568 3862 flere
2604 3815 2800 3881 super
2839 3817 2976 3881 me,
3025 3801 3135 3868 sed
3177 3819 3370 3887 super
3404 3822 3519 3871 vos

1970 3900 2142 3983 ipsas
2166 3901 2335 3966 flete.
2363 3921 2396 3961 n
2835 3963 2841 3968 .

2050 4008 2138 4073 De
2156 4013 2405 4092 quart0,
2428 4010 2781 4092 specialiter
2799 4034 2815 4076 ε
2844 4012 2923 4079 Si
2928 4016 3327 4097 cognovisses
3344 4022 3403 4085 e!
3419 4023 3512 4084 tu.

1970 4115 2123 4182 Haec
2147 4116 2321 4181 enim
2345 4117 2644 4199 angustia
2668 4118 2743 4194 fit
2771 4119 3018 4184 homini
3053 4122 3123 4186 in
3150 4127 3373 4205 morte,
3403 4125 3517 4190 ubi

1969 4222 2214 4288 inimici
2238 4224 2562 4289 daemones
2586 4224 2918 4293 hominem
2944 4228 3362 4311 circumdant,
3387 4232 3518 4296 exi·-

1968 4335 2110 4396 tum
2170 4331 2590 4412 observando,
2625 4332 2803 4398 sicut
2870 4352 3060 4400 canes
3122 4337 3518 4404 circumdant

1968 4437 2260 4504 cadaver.
2295 4437 2453 4503 Item
2486 4443 2929 4522 coangustant,
2962 4440 3246 4506 animam
3271 4445 3518 4527 rapien-

1967 4545 2050 4612 do
2069 4546 2114 4582 ¹⁷
2136 4567 2199 4610 :a
2218 4545 2449 4612 Omnes
2464 4553 2900 4630 persecutores
2918 4551 3061 4632 ejus
3078 4552 3514 4634 apprehende-

1967 4658 2121 4719 runt
2137 4670 2280 4717 eam
2298 4652 2466 4717 inter
2483 4656 2835 4737 angustias.
2863 4678 2895 4717 n
2929 4656 3088 4723 Item
3107 4663 3516 4742 prosternunt

1965 4760 2037 4825 in
2086 4759 2434 4841 infernum,
2489 4761 2754 4828 dicendo
2809 4786 2826 4828 ε
2876 4763 2925 4829 Ο
2974 4765 3028 4829 si
3072 4765 3268 4831 bomo
3310 4772 3516 4832 tantas

1966 4867 2193 4934 mortis
2220 4868 2556 4949 angustias
2583 4878 3016 4953 cognosceret,
3054 4875 3375 4957 quomodo
3399 4876 3513 4941 fle-

1966 4978 2097 5042 ret!
2131 4973 2307 5041 Unde
2330 4993 2481 5040 cum
2501 4974 2803 5042 Ezechias
2839 4978 3117 5044 audisset
3147 4999 3214 5045 se
3243 4982 3514 5048 moritu-

1969 5121 2020 5169 in
2055 5118 2258 5183 Epz’pla„
2302 5133 2458 5170 serm.
2487 5115 2534 5181 1,
2555 5134 2608 5169 n.
2646 5122 2694 5185 4,
2725 5120 2896 5184 quoad
2925 5135 3153 5172 sensum.
3187 5148 3247 5160 -
3275 5124 3318 5159 ¹²
3342 5123 3511 5190 Apoc„

1967 5205 2075 5255 xix,
2106 5195 2158 5253 9,
2184 5196 2259 5243 10.
2287 5218 2346 5229 -
2368 5191 2415 5226 ¹⁸
2436 5191 2642 5252 Manli„
2671 5205 2792 5253 xm,
2820 5196 2898 5242 42.
2927 5219 2989 5230 —
3022 5196 3062 5230 *ὅ
3090 5196 3108 5244 l
3137 5196 3300 5259 λοιπὴ,
3327 5208 3408 5261 1η,
3436 5201 3508 5250 16.

1965 5291 2027 5301 -
2071 5264 2109 5300 ¹⁸
2152 5264 2168 5313 Ι
2212 5262 2399 5325 uach„
2439 5273 2522 5324 lx,
2563 5265 2732 5313 2⁰·21.
2769 5289 2832 5301 —
2870 5264 2914 5299 ¹⁸
2948 5263 3085 5329 Luc„
3122 5277 3288 5332 xxm,
3330 5269 3408 5320 28.
3453 5297 3508 5307 —

1970 5336 2008 5372 ¹⁷
2036 5334 2233 5395 Thr-en„
2262 5346 2303 5398 1,
2332 5337 2382 5383 3.

2036 5426 2100 5488 (α)
2132 5424 2257 5475 coet.
2279 5422 2403 5475 edet.
2434 5422 2568 5474 deest
2595 5422 2701 5488 qui.
2730 5409 2793 5461 ὲ-
2818 5423 2887 5488 (o)
2920 5422 3063 5490 ναις.
3090 5426 3169 5480 st.
